No;Sector;Sub_Industry;Code;Stock_Name;FS_Date;Fiscal_Year_End;Assets;Liabilities;Equity;Sales;EBT;Profit_Period;Profit_owner;EPS;Book_Value;P_E_Ratio;Price_BV;D_E_Ratio;ROA;ROE;NPM;P_E_Ratio2;Price_BV2;D_E_Ratio2;ROE2;NPM2;Akumulasi
515;Consumer Cyclicals;Restaurants;RAFI;PT Sari Kreasi Boga Tbk;09/30/2024;Dec;487,09;115,65;371,44;43.046,92;14.943,54;10.370,14;10.292,86;3.297,26;0,24;0,01;0,24;0,31;2117,5;2776,8;24,0;1;1;1;1;1;5
92;Basic Materials;Basic Chemicals;AGII;Aneka Gas Industri Tbk;09/30/2024;Dec;7.978,68;4.201,61;3.777,06;85.969,76;24.889,17;21.441,38;19.567,71;6.398,54;1,01;0,20;1,01;1,11;245,9;519,5;22,8;1;1;1;1;1;5
943;Transportation & Logistic;Logistics & Deliveries;KJEN;PT Krida Jaringan Nusantara Tbk.;09/30/2024;Dec;65,53;4,27;61,27;1.449,26;280,01;215,85;215,85;431,59;1,02;0,29;1,02;0,07;329,3;352,2;14,9;1;1;1;1;1;5
942;Transportation & Logistic;Logistics & Deliveries;JAYA;PT Armada Berjaya Trans Tbk.;03/31/2025;Dec;233,84;109,80;124,04;16,43;0,35;0,22;0,22;335,60;0,58;0,27;0,58;0,89;114,6;216,0;1631,4;1;1;1;1;1;5
298;Consumer Non-Cyclicals;Processed Foods;BOBA;Formosa Ingredient Factory Tbk;03/31/2025;Dec;180,49;18,14;162,35;38,06;4,15;3,38;3,38;113,33;1,12;1,39;1,12;0,11;72,6;80,7;344,2;1;1;1;1;1;5
898;Infrastructures;Wireless Telecommunication Services;GOLD;PT Visi Telekomunikasi Infrastruktur Tbk.;03/31/2025;Dec;446,54;41,87;404,67;13,50;5,32;5,14;5,14;240,57;0,83;1,09;0,83;0,10;68,8;75,9;2275,5;1;1;1;1;1;5
762;Properties & Real Estate;Real Estate Development & Management;LPKR;Lippo Karawaci Tbk;03/31/2025;Dec;51.134,91;20.031,45;31.103,46;2.064,05;295,18;226,64;169,47;269,33;0,21;0,34;0,21;0,64;37,3;61,4;925,1;1;1;1;1;1;5
747;Properties & Real Estate;Real Estate Development & Management;GPRA;Perdana Gapuraprima Tbk;03/31/2025;Dec;2.008,82;603,88;1.404,94;132,86;37,09;37,09;37,32;187,55;0,29;0,50;0,29;0,43;39,9;57,1;603,7;1;1;1;1;1;5
123;Basic Materials;Containers & Packaging;ESIP;Sinergi Inti Plastindo Tbk;03/31/2025;Dec;102,15;4,43;97,72;14,15;0,54;0,50;0,50;41,98;0,28;0,60;0,28;0,05;45,6;47,7;329,4;1;1;1;1;1;5
113;Basic Materials;Aluminum;CITA;Cita Mineral Investindo Tbk;12/31/2024;Dec;7.943,81;322,60;7.621,21;2.386,97;2.606,41;2.489,55;2.489,61;883,99;1,81;3,94;1,81;0,04;44,1;45,9;146,7;1;1;1;1;1;5
599;Healthcare;Pharmaceuticals;PEHA;Phapros Tbk;09/30/2024;Dec;1.672,80;966,14;706,66;920,55;338,36;299,62;289,27;369,51;0,32;0,73;0,32;1,37;18,6;43,9;33,7;1;1;1;1;1;5
803;Properties & Real Estate;Real Estate Development & Management;URBN;Urban Jakarta Propertindo Tbk;09/30/2024;Dec;4.110,44;2.051,09;2.059,35;5.576,76;974,21;770,53;633,86;222,33;0,18;0,51;0,18;1,00;17,5;34,9;12,9;1;1;1;1;1;5
1;Energy;Coal Production;AADI;PT Adaro Andalan Indonesia Tbk;03/31/2025;Dec;96.542,82;38.757,71;57.785,11;19.290,06;4.643,43;3.692,36;3.246,87;2.365,65;0,91;2,84;0,91;0,67;19,1;31,9;95,5;1;1;1;1;1;5
3;Energy;Coal Production;ADMR;Adaro Minerals Indonesia Tbk;03/31/2025;Dec;37.101,39;11.156,05;25.945,34;3.312,16;1.311,68;1.074,30;1.084,25;199,00;1,42;4,52;1,42;0,43;21,9;31,4;245,6;1;1;1;1;1;5
371;Consumer Non-Cyclicals;Plantations & Crops;TAPG;Triputra Agro Persada Tbk;03/31/2025;Dec;14.882,89;2.771,58;12.111,31;2.620,06;990,24;834,88;805,26;179,06;1,60;5,45;1,60;0,23;23,9;29,4;135,7;1;1;1;1;1;5
6;Energy;Oil & Gas Storage & Distribution;AKRA;AKR Corporindo Tbk.;03/31/2025;Dec;32.640,70;17.372,73;15.267,97;10.255,85;734,19;604,32;565,21;218,93;1,66;5,76;1,66;1,14;13,5;28,8;42,9;1;1;1;1;1;5
144;Basic Materials;Iron & Steel;ISSP;Steel Pipe Industry of Indonesia Tbk;03/31/2025;Dec;8.405,48;3.277,21;5.128,27;1.280,46;105,50;84,52;84,53;199,50;0,39;1,39;0,39;0,64;17,1;28,0;112,0;1;1;1;1;1;5
506;Consumer Cyclicals;Travel Agencies;PANR;Panorama Sentrawisata Tbk;03/31/2025;Dec;1.966,05;730,44;1.235,61;852,02;36,29;28,99;14,47;247,56;0,95;3,43;0,95;0,59;17,5;27,8;40,3;1;1;1;1;1;5
4;Energy;Coal Production;ADRO;Alamtri Resources Indonesia Tbk;03/31/2025;Dec;106.592,22;19.986,42;86.605,81;6.321,90;1.754,16;1.446,39;1.270,56;766,25;0,67;2,48;0,67;0,23;22,1;27,2;372,8;1;1;1;1;1;5
878;Infrastructures;Heavy Constructions & Civil Engineering;PBSA;PT Paramita Bangun Sarana Tbk;03/31/2025;Dec;1.097,42;296,05;801,37;279,64;34,16;25,70;25,74;71,17;1,38;5,17;1,38;0,37;19,5;26,6;76,4;1;1;1;1;1;5
19;Energy;Oil & Gas Storage & Distribution;BULL;Buana Lintas Lautan Tbk;09/30/2024;Dec;5.199,03;3.015,00;2.184,03;1.956,43;667,73;527,37;527,37;41,04;0,76;2,85;0,76;1,38;11,1;26,5;29,6;1;1;1;1;1;5
940;Transportation & Logistic;Logistics & Deliveries;HAIS;Hasnur Internasional Shipping Tbk;03/31/2025;Dec;1.239,70;430,91;808,79;235,36;19,59;16,32;17,09;73,99;0,65;2,69;0,65;0,53;15,7;24,0;82,6;1;1;1;1;1;5
849;Technology;Networking Equipment;MSTI;PT Mastersystem Infotama Tbk.;03/31/2025;Dec;3.262,43;986,24;2.276,19;1.191,67;151,99;115,30;115,30;172,15;2,00;8,42;2,00;0,43;16,6;23,7;45,4;1;1;1;1;1;5
355;Consumer Non-Cyclicals;Plantations & Crops;PNGO;PT Pinago Utama Tbk;03/31/2025;Dec;1.638,83;580,42;1.058,40;723,50;112,69;87,59;87,38;318,26;1,32;5,62;1,32;0,55;15,2;23,5;34,4;1;1;1;1;1;5
12;Energy;Coal Distribution;BBRM;Pelayaran Nasional Bina Buana Raya Tbk;03/31/2025;Dec;731,65;81,71;649,93;53,56;21,03;20,44;20,44;17,99;1,00;4,28;1,00;0,13;20,9;23,5;284,9;1;1;1;1;1;5
251;Industrials;Commercial Printing;JTPE;Jasuindo Tiga Perkasa Tbk;03/31/2025;Dec;2.128,88;809,33;1.319,55;348,32;67,40;54,89;51,17;45,18;1,20;5,13;1,20;0,61;14,5;23,5;88,9;1;1;1;1;1;5
950;Transportation & Logistic;Logistics & Deliveries;NELY;Pelayaran Nelly Dwi Putri Tbk;03/31/2025;Dec;1.176,56;248,32;928,24;114,17;28,66;27,63;27,60;92,33;1,06;4,55;1,06;0,27;18,4;23,4;190,0;1;1;1;1;1;5
739;Properties & Real Estate;Real Estate Development & Management;DMAS;Puradelta Lestari Tbk;03/31/2025;Dec;8.567,51;997,18;7.570,34;507,89;368,93;355,79;355,45;35,45;1,11;4,91;1,11;0,13;19,9;22,6;336,4;1;1;1;1;1;5
61;Energy;Coal Production;PTBA;Bukit Asam Tbk;12/31/2024;Dec;41.854,33;19.210,52;22.643,81;42.764,97;6.259,25;5.139,42;5.103,72;443,01;1,40;6,23;1,40;0,85;12,2;22,5;11,9;1;1;1;1;1;5
128;Basic Materials;Timber;FWCT;PT Wijaya Cahaya Timber Tbk;03/31/2025;Dec;701,33;356,82;344,50;363,87;12,43;9,53;9,52;40,85;0,88;3,94;0,88;1,04;10,9;22,2;21,1;1;1;1;1;1;5
164;Basic Materials;Specialty Chemicals;OBMD;OBM Drilchem Tbk;12/31/2024;Dec;204,85;30,78;174,08;169,64;51,27;38,64;38,64;47,94;0,89;4,03;0,89;0,18;18,9;22,2;22,8;1;1;1;1;1;5
276;Consumer Non-Cyclicals;Food Retail & Distributors;KMDS;Kurniamitra Duta Sentosa Tbk;03/31/2025;Dec;300,89;55,43;245,45;90,17;16,24;12,84;12,84;68,04;1,89;8,52;1,89;0,23;18,1;22,2;60,4;1;1;1;1;1;5
368;Consumer Non-Cyclicals;Plantations & Crops;STAA;PT Sumber Tani Agung Resources Tbk;03/31/2025;Dec;8.591,54;2.324,72;6.266,82;1.666,34;453,62;355,20;304,71;127,42;1,57;7,10;1,57;0,37;16,2;22,2;83,4;1;1;1;1;1;5
312;Consumer Non-Cyclicals;Plantations & Crops;CSRA;PT Cisadane Sawit Raya Tbk.;03/31/2025;Dec;2.338,99;961,48;1.377,51;275,39;116,26;78,96;78,96;144,35;0,99;4,61;0,99;0,70;12,7;21,5;107,4;1;1;1;1;1;5
305;Consumer Non-Cyclicals;Processed Foods;CEKA;Wilmar Cahaya Indonesia Tbk;03/31/2025;Dec;2.585,12;577,73;2.007,39;2.269,70;125,00;98,60;98,60;710,21;0,70;3,32;0,70;0,29;16,3;21,1;18,6;1;1;1;1;1;5
338;Consumer Non-Cyclicals;Fish, Meat, & Poultry;JPFA;Japfa Comfeed Indonesia Tbk;03/31/2025;Dec;35.552,68;18.267,37;17.285,31;14.332,27;976,60;754,11;680,42;308,91;1,23;5,89;1,23;1,06;10,2;21,0;25,3;1;1;1;1;1;5
116;Basic Materials;Iron & Steel;CTBN;Citra Tubindo Tbk;03/31/2025;Dec;3.378,66;984,76;2.393,90;1.603,08;333,73;258,69;258,62;622,21;1,01;4,85;1,01;0,41;14,7;20,8;31,1;1;1;1;1;1;5
734;Properties & Real Estate;Real Estate Development & Management;CSIS;Cahayasakti Investindo Sukses Tbk;03/31/2025;Dec;525,29;193,97;331,32;10,57;1,59;1,33;0,19;51,97;0,32;1,54;0,32;0,59;12,9;20,5;642,3;1;1;1;1;1;5
857;Infrastructures;Marine Ports & Services;IPCC;PT Indonesia Kendaraan Terminal Tbk.;03/31/2025;Dec;1.899,98;571,58;1.328,40;203,27;63,59;51,17;51,17;145,39;1,31;6,57;1,31;0,43;13,9;19,9;130,1;1;1;1;1;1;5
46;Energy;Coal Production;ITMG;Indo Tambangraya Megah Tbk;12/31/2024;Dec;38.892,16;7.639,85;31.252,30;37.242,98;7.996,80;6.070,09;6.046,14;5.350,92;0,80;4,11;0,80;0,24;15,5;19,3;16,2;1;1;1;1;1;5
488;Consumer Cyclicals;Hotels, Resorts & Cruise Lines;HOTL;Saraswati Griya Lestari Tbk;09/30/2024;Dec;442,59;78,10;364,49;2,12;-1,94;-1,94;-1,91;19,65;0,49;2,55;0,49;0,21;15,8;19,1;3297,1;1;1;1;1;1;5
597;Healthcare;Pharmaceuticals;MERK;Merck Tbk;12/31/2024;Dec;956,94;149,66;807,27;1.036,75;195,06;153,46;153,46;342,55;1,97;10,36;1,97;0,19;16,0;19,0;14,8;1;1;1;1;1;5
730;Properties & Real Estate;Real Estate Development & Management;CBPE;PT Citra Buana Prasida Tbk;03/31/2025;Dec;342,03;53,13;288,91;18,68;8,92;7,76;7,76;40,49;0,88;4,62;0,88;0,18;16,1;19,0;293,9;1;1;1;1;1;5
132;Basic Materials;Timber;IFII;Indonesia Fibreboard Industry Tbk;03/31/2025;Dec;1.791,40;408,20;1.383,20;432,90;99,05;77,28;77,28;27,46;1,78;9,54;1,78;0,30;14,4;18,7;59,7;1;1;1;1;1;5
941;Transportation & Logistic;Logistics & Deliveries;HATM;PT Habco Trans Maritima Tbk;03/31/2025;Dec;1.761,63;742,52;1.019,11;244,84;51,01;48,07;48,07;26,99;1,74;9,41;1,74;0,73;10,7;18,5;77,2;1;1;1;1;1;5
655;Financials;Consumer Financing;BFIN;BFI Finance Indonesia Tbk;03/31/2025;Dec;25.687,03;15.019,45;10.667,58;1.376,39;499,36;405,49;405,52;123,11;1,32;7,15;1,32;1,41;7,7;18,4;142,8;1;1;1;1;1;5
290;Consumer Non-Cyclicals;Fish, Meat, & Poultry;AMMS;PT Agung Menjangan Mas Tbk;06/30/2024;Dec;71,99;2,56;69,43;105,16;18,55;18,24;12,94;10,50;0,97;5,33;0,97;0,04;17,5;18,1;12,0;1;1;1;1;1;5
159;Basic Materials;Diversified Metals & Minerals;NCKL;PT Trimegah Bangun Persada Tbk.;03/31/2025;Dec;55.246,91;15.835,82;39.411,08;7.127,75;2.477,32;2.274,47;1.656,95;111,49;1,12;6,28;1,12;0,40;12,7;17,9;98,7;1;1;1;1;1;5
130;Basic Materials;Iron & Steel;GGRP;Gunung Raja Paksi Tbk;12/31/2024;Dec;12.811,30;1.651,79;11.159,51;5.685,43;290,88;2.005,15;1.976,15;163,17;0,21;1,19;0,21;0,15;15,4;17,7;34,8;1;1;1;1;1;5
240;Industrials;Construction Machinery & Heavy Vehicles;UNTR;United Tractors Tbk;03/31/2025;Dec;181.221,78;78.407,22;102.814,56;34.260,78;4.473,56;3.297,72;3.187,43;4.871,52;0,82;4,66;0,82;0,76;10,0;17,7;53,0;1;1;1;1;1;5
342;Consumer Non-Cyclicals;Fish, Meat, & Poultry;MAIN;Malindo Feedmill Tbk;03/31/2025;Dec;5.349,38;2.655,38;2.694,00;3.171,10;81,33;62,88;62,89;206,93;0,65;3,79;0,65;0,99;8,7;17,2;14,6;1;1;1;1;1;5
245;Industrials;Office Supplies;BLUE;Berkah Prima Perkasa Tbk;12/31/2024;Dec;109,31;12,86;96,44;160,22;21,06;16,38;16,38;39,18;1,43;8,42;1,43;0,13;15,0;17,0;10,2;1;1;1;1;1;5
727;Properties & Real Estate;Real Estate Development & Management;BSBK;PT Wulandari Bangun Laksana Tbk;03/31/2025;Dec;2.886,28;778,12;2.108,15;90,64;17,24;17,12;17,12;14,12;0,60;3,54;0,60;0,37;12,3;16,8;390,8;1;1;1;1;1;5
193;Basic Materials;Diversified Metals & Minerals;TINS;Timah Tbk;03/31/2025;Dec;12.488,58;4.851,11;7.637,46;2.097,89;162,05;116,86;116,86;171,05;1,16;6,96;1,16;0,64;10,2;16,7;60,7;1;1;1;1;1;5
858;Infrastructures;Marine Ports & Services;IPCM;PT Jasa Armada Indonesia Tbk.;03/31/2025;Dec;1.702,14;368,79;1.333,35;355,41;56,54;44,24;44,24;41,94;1,12;6,72;1,12;0,28;13,0;16,6;62,4;1;1;1;1;1;5
68;Energy;Coal Distribution;RMKE;RMK Energy Tbk;03/31/2025;Dec;2.262,75;482,20;1.780,55;336,85;65,53;51,51;52,51;67,65;1,27;7,61;1,27;0,27;13,1;16,6;87,9;1;1;1;1;1;5
98;Basic Materials;Diversified Metals & Minerals;ANTM;Aneka Tambang Tbk.;03/31/2025;Dec;48.303,29;13.679,83;34.623,46;26.151,70;2.934,94;2.323,45;2.131,19;238,39;1,51;9,10;1,51;0,40;11,9;16,5;21,9;1;1;1;1;1;5
2;Energy;Coal Production;ABMM;ABM Investama Tbk;12/31/2024;Dec;33.864,59;20.172,11;13.692,49;19.395,34;2.502,08;2.251,90;2.252,33;818,09;0,67;4,06;0,67;1,47;6,7;16,4;11,6;1;1;1;1;1;5
591;Healthcare;Pharmaceuticals;DVLA;Darya-Varia Laboratoria Tbk;03/31/2025;Dec;2.390,36;865,13;1.525,22;544,29;104,39;78,87;78,87;220,68;1,23;7,57;1,23;0,57;10,3;16,2;45,4;1;1;1;1;1;5
84;Energy;Coal Distribution;TPMA;Trans Power Marine Tbk;03/31/2025;Dec;4.203,91;1.627,73;2.576,18;438,71;115,10;109,84;96,04;117,69;0,96;5,99;0,96;0,63;9,8;16,0;94,1;1;1;1;1;1;5
757;Properties & Real Estate;Real Estate Development & Management;KOCI;PT Kokoh Exa Nusantara;03/31/2025;Dec;144,64;8,93;135,71;20,04;6,67;6,47;6,47;4,83;1,63;10,36;1,63;0,07;14,7;15,7;106,4;1;1;1;1;1;5
539;Consumer Cyclicals;Home Improvement Retail;ACES;PT Aspirasi Hidup Indonesia Tbk;03/31/2025;Dec;8.443,25;1.792,61;6.650,64;2.136,08;167,64;138,30;141,60;59,78;1,38;8,95;1,38;0,27;12,1;15,4;47,9;1;1;1;1;1;5
640;Financials;Banks;BTPS;PT Bank BTPN Syariah Tbk.;03/31/2025;Dec;21.713,76;2.533,36;9.627,97;1.174,33;395,77;310,80;310,79;190,66;0,95;6,22;0,95;0,26;6,8;15,3;125,1;1;1;1;1;1;5
605;Healthcare;Pharmaceuticals;TSPC;Tempo Scan Pacific Tbk;03/31/2025;Dec;13.219,74;3.628,13;9.591,61;3.275,23;517,76;438,64;409,25;321,41;1,24;8,21;1,24;0,38;11,0;15,1;44,3;1;1;1;1;1;5
933;Transportation & Logistic;Road Transportation;TRJA;PT Transkon Jaya Tbk.;12/31/2024;Dec;-;-;-;-;-;-;-;18,41;575.996,45;7,98;575.996,45;1,26;3190372,4;7213985,9;4670798,1;1;0;1;1;1;4
249;Industrials;Business Support Services;ICON;Island Concepts Indonesia Tbk;09/30/2024;Dec;359,51;140,12;219,39;33.593,69;13.087,50;25.148,65;22.302,39;20.458,10;0,16;-;0,16;0,64;6201,3;10161,7;66,4;0;1;1;1;1;4
89;Energy;Alternative Energy Equipment;JSKY;Sky Energy Indonesia Tbk;12/31/2022;Dec;387,39;226,76;160,64;19.073,70;2.489,16;2.182,84;2.033,64;1.000,54;0,66;-;0,66;1,41;525,0;1266,0;10,7;0;1;1;1;1;4
733;Properties & Real Estate;Real Estate Development & Management;CPRI;Capri Nusa Satu Properti Tbk;09/30/2022;Dec;209,46;25,69;183,77;7.471,36;2.068,59;1.663,70;1.664,34;682,72;0,66;-;0,66;0,14;793,1;904,0;22,2;0;1;1;1;1;4
395;Consumer Non-Cyclicals;Personal Care Products;MRAT;Mustika Ratu Tbk;09/30/2024;Dec;612,95;213,16;399,79;38.729,49;2.838,91;2.399,47;2.225,12;5.165,64;0,26;0,05;0,26;0,53;360,7;553,0;5,7;1;1;1;1;0;4
39;Energy;Oil & Gas Storage & Distribution;HITS;Humpuss Intermoda Transportasi Tbk;09/30/2024;Dec;4.696,12;2.984,57;1.711,55;18.652,75;9.009,79;7.026,31;7.056,81;981,42;0,48;0,12;0,48;1,74;148,4;407,2;37,4;1;1;0;1;1;4
682;Financials;Life Insurance;JMAS;Asuransi Jiwa Syariah Jasa Mitra Abadi Tbk;09/30/2024;Dec;348,86;263,21;123,06;336,67;4,33;3,33;3,33;484,69;1,05;0,27;1,05;2,14;138,9;393,9;144,0;1;1;0;1;1;4
851;Technology;Computer Hardware;NINE;PT Techno9 Indonesia Tbk;12/31/2024;Dec;37,92;2,33;35,59;9,02;-7,76;-6,04;-6,04;58,11;9,51;2,70;9,51;0,07;330,6;352,2;1390,2;1;0;1;1;1;4
704;Financials;Financial Holdings;PLAS;Polaris Investama Tbk;06/30/2020;Dec;185,25;31,27;153,99;1.486,93;598,95;467,11;467,11;395,39;0,38;-;0,38;0,20;252,7;304,1;31,5;0;1;1;1;1;4
465;Consumer Cyclicals;Hotels, Resorts & Cruise Lines;AKKU;Anugerah Kagum Karya Utama Tbk;09/30/2024;Dec;719,21;289,10;430,11;21.815,04;1.707,13;1.186,78;1.147,55;177,70;0,22;0,08;0,22;0,67;159,3;266,5;5,3;1;1;1;1;0;4
286;Consumer Non-Cyclicals;Soft Drinks;ADES;Akasha Wira International Tbk;03/31/2025;Dec;2.892,12;487,41;2.404,71;568,92;185,07;146,21;146,21;5.896,98;2,72;1,88;2,72;0,20;120,3;144,7;611,4;1;0;1;1;1;4
105;Basic Materials;Construction Materials;BEBS;Berkah Beton Sadaya Tbk;09/30/2024;Dec;905,30;88,66;816,65;8.582,51;1.083,43;884,72;892,04;18,96;0,28;0,26;0,28;0,11;94,3;104,5;9,9;1;1;1;1;0;4
375;Consumer Non-Cyclicals;Dairy Products;TGUK;PT Platinum Wahab Nusantara Tbk.;09/30/2024;Dec;195,58;38,55;157,03;2.305,95;138,45;134,21;130,33;36,97;1,32;1,57;1,32;0,25;67,5;84,1;5,7;1;1;1;1;0;4
346;Consumer Non-Cyclicals;Liquors;MLBI;Multi Bintang Indonesia Tbk;03/31/2025;Dec;3.494,22;1.982,52;1.511,71;669,97;252,94;194,82;194,81;537,23;8,50;11,35;8,50;1,31;32,4;74,9;169,0;1;0;1;1;1;4
736;Properties & Real Estate;Real Estate Development & Management;DADA;Diamond Citra Propertindo Tbk;09/30/2024;Dec;669,21;318,13;351,07;13.351,72;612,58;281,15;252,50;34,03;0,19;0,26;0,19;0,91;37,8;72,0;1,9;1;1;1;1;0;4
35;Energy;Coal Production;GEMS;Golden Energy Mines Tbk;12/31/2024;Dec;20.032,72;9.348,23;10.684,49;43.723,92;10.274,52;7.807,89;7.657,18;1.301,72;5,09;7,11;5,09;0,87;38,2;71,7;17,5;1;0;1;1;1;4
598;Healthcare;Pharmaceuticals;OBAT;PT Brigit Biofarmaka Teknologi Tbk;12/31/2024;Dec;65,89;22,20;43,69;120,63;39,53;30,50;29,43;49,04;7,35;10,91;7,35;0,51;44,7;67,4;24,4;1;0;1;1;1;4
119;Basic Materials;Diversified Metals & Minerals;DKFT;Central Omega Resources Tbk;03/31/2025;Dec;2.680,43;1.696,57;983,86;420,97;183,52;136,54;137,85;103,10;1,50;2,54;1,50;1,72;21,7;59,1;138,1;1;1;0;1;1;4
326;Consumer Non-Cyclicals;Processed Foods;GULA;PT Aman Agrindo Tbk;03/31/2025;Dec;218,75;69,61;149,15;39,33;-1,00;-0,99;-0,99;78,29;2,10;3,73;2,10;0,47;38,3;56,2;213,0;1;0;1;1;1;4
18;Energy;Coal Production;BSSR;Baramulti Suksessarana Tbk;03/31/2025;Dec;6.292,93;1.591,34;4.701,59;2.536,60;424,58;323,59;323,58;935,51;2,29;4,40;2,29;0,34;38,9;52,1;96,5;1;0;1;1;1;4
141;Basic Materials;Paper;INTD;Inter Delta Tbk;03/31/2025;Dec;40,17;2,71;37,46;9,09;-0,78;-0,78;-0,78;32,79;3,00;5,79;3,00;0,07;48,3;51,8;213,4;1;0;1;1;1;4
791;Properties & Real Estate;Real Estate Development & Management;RIMO;Rimo International Lestari Tbk;09/30/2019;Dec;6.741,40;569,64;6.171,76;27.760,03;3.772,84;3.007,33;3.007,33;66,61;0,37;-;0,37;0,09;44,5;48,7;10,8;0;1;1;1;1;4
807;Technology;IT Services & Consulting;ATIC;Anabatic Technologies Tbk;03/31/2025;Dec;4.476,78;3.816,47;660,31;1.606,12;88,60;64,37;43,21;105,86;1,42;3,82;1,42;5,78;5,5;37,1;15,3;1;1;0;1;1;4
667;Financials;Investment Management;AMOR;Ashmore Asset Management Indonesia Tbk;12/31/2024;Jun;347,78;71,59;276,20;145,30;45,64;36,47;36,47;40,53;4,34;13,32;4,34;0,26;25,9;32,6;62,0;1;0;1;1;1;4
236;Industrials;Construction Machinery & Heavy Vehicles;SKRN;Superkrane Mitra Utama Tbk;03/31/2025;Dec;1.634,61;845,12;789,50;224,77;84,21;82,60;82,60;32,56;3,80;12,29;3,80;1,07;14,9;30,9;108,6;1;0;1;1;1;4
229;Industrials;Industrial Machinery & Components;MARK;PT Mark Dynamics Indonesia Tbk.;03/31/2025;Dec;1.018,85;87,94;930,91;203,03;90,96;70,01;70,00;74,82;3,27;10,69;3,27;0,09;27,9;30,5;140,0;1;0;1;1;1;4
351;Consumer Non-Cyclicals;Plantations & Crops;NSSS;PT Nusantara Sawit Sejahtera Tbk;03/31/2025;Dec;3.787,39;2.260,95;1.526,44;476,42;193,87;162,16;162,16;19,37;4,46;14,76;4,46;1,48;12,2;30,2;96,8;1;0;1;1;1;4
376;Consumer Non-Cyclicals;Plantations & Crops;TLDN;PT Teladan Prima Agro Tbk;03/31/2025;Dec;5.976,24;2.612,50;3.363,74;1.280,62;274,00;218,92;218,92;75,25;2,39;8,24;2,39;0,78;16,3;29,0;76,1;1;0;1;1;1;4
78;Energy;Oil, Gas & Coal Equipment & Services;SUNI;PT Sunindo Pratama Tbk;03/31/2025;Dec;1.131,33;282,94;848,38;313,53;84,28;65,93;66,41;95,87;2,30;8,14;2,30;0,33;21,2;28,3;76,4;1;0;1;1;1;4
387;Consumer Non-Cyclicals;Tobacco;HMSP;HM Sampoerna Tbk;03/31/2025;Dec;52.184,97;21.893,14;30.291,83;28.788,88;2.558,25;1.918,26;1.918,26;73,40;2,30;8,17;2,30;0,72;16,4;28,2;29,7;1;0;1;1;1;4
854;Infrastructures;Airport Operators;CASS;Cardig Aero Services Tbk;03/31/2025;Dec;2.746,21;949,86;1.796,35;727,05;225,64;176,92;93,96;225,10;2,31;8,82;2,31;0,53;17,1;26,2;64,6;1;0;1;1;1;4
418;Consumer Cyclicals;Auto Parts & Equipment;SMSM;Selamat Sempurna Tbk;03/31/2025;Dec;5.178,78;952,71;4.226,08;1.254,71;359,10;287,39;265,02;186,53;2,43;9,54;2,43;0,23;20,7;25,4;85,6;1;0;1;1;1;4
631;Financials;Banks;BMRI;Bank Mandiri (Persero) Tbk.;03/31/2025;Dec;2.463.658,98;1.933.937,85;285.177,76;49.744,69;18.178,66;14.530,15;13.197,26;737,59;1,60;6,63;1,60;6,78;2,8;24,1;138,4;1;1;0;1;1;4
618;Financials;Banks;BBRI;PT Bank Rakyat Indonesia (Persero) Tbk;03/31/2025;Dec;2.098.229,45;1.792.375,28;305.854,17;57.174,50;17.382,24;13.804,03;13.673,24;487,12;1,91;7,90;1,91;5,86;3,5;24,1;129,1;1;1;0;1;1;4
425;Consumer Cyclicals;Home Furnishings;LFLO;Imago Mulia Persada Tbk;12/31/2024;Dec;154,37;90,51;63,86;120,12;18,63;15,20;15,13;11,57;2,87;12,10;2,87;1,42;9,8;23,7;12,6;1;0;1;1;1;4
888;Infrastructures;Heavy Constructions & Civil Engineering;TOTL;Total Bangun Persada Tbk;03/31/2025;Dec;3.747,86;2.484,71;1.263,15;847,43;76,67;75,79;75,78;84,60;1,84;8,04;1,84;1,97;7,7;22,8;34,0;1;1;0;1;1;4
957;Transportation & Logistic;Logistics & Deliveries;TMAS;PT Temas Tbk.;03/31/2025;Dec;4.700,91;1.709,66;2.991,25;1.039,59;169,76;151,81;135,88;11,61;2,65;11,97;2,65;0,57;14,1;22,1;63,7;1;0;1;1;1;4
817;Technology;IT Services & Consulting;ELIT;PT Data Sinergitama Jaya Tbk;03/31/2025;Dec;329,97;188,73;141,24;135,74;9,36;7,27;7,29;15,39;2,86;12,93;2,86;1,34;9,5;22,1;23,0;1;0;1;1;1;4
71;Energy;Coal Distribution;SGER;Sumber Global Energy Tbk;03/31/2025;Dec;5.060,44;2.715,55;2.344,90;2.461,24;100,34;78,38;78,83;33,19;2,57;11,63;2,57;1,16;10,2;22,1;21,0;1;0;1;1;1;4
686;Financials;General Insurance;MTWI;Malacca Trust Wuwungan Insurance Tbk;03/31/2025;Dec;2.342,41;1.960,74;381,67;430,19;25,48;25,48;25,48;28,31;1,15;5,30;1,15;5,14;3,5;21,7;19,2;1;1;0;1;1;4
370;Consumer Non-Cyclicals;Processed Foods;STTP;Siantar Top Tbk;12/31/2024;Dec;6.762,11;616,04;6.146,07;4.959,94;1.509,02;1.314,43;1.314,33;1.003,30;2,41;11,26;2,41;0,10;19,4;21,4;26,5;1;0;1;1;1;4
671;Financials;Investment Banking & Brokerage Services;TRIM;Trimegah Sekuritas Indonesia Tbk;03/31/2025;Dec;4.430,23;2.835,72;1.594,51;335,55;138,48;114,51;114,50;47,01;1,61;7,66;1,61;1,78;7,5;21,0;99,6;1;1;0;1;1;4
101;Basic Materials;Specialty Chemicals;AVIA;Avia Avian Tbk;03/31/2025;Dec;11.450,09;1.460,43;9.989,66;2.018,60;579,84;446,58;447,05;33,71;2,58;12,34;2,58;0,15;18,2;20,9;103,4;1;0;1;1;1;4
468;Consumer Cyclicals;Travel Agencies;BAYU;Bayu Buana Tbk;12/31/2024;Dec;969,58;477,11;492,47;2.583,58;126,42;102,11;102,17;289,26;0,98;4,74;0,98;0,97;10,5;20,7;4,0;1;1;1;1;0;4
366;Consumer Non-Cyclicals;Soft Drinks;SOUL;PT Mitra Tirta Buwana Tbk;06/30/2024;Dec;41,34;3,36;37,98;403,38;2,14;9,90;9,87;6,81;1,17;6,02;1,17;0,09;17,8;19,4;1,8;1;1;1;1;0;4
336;Consumer Non-Cyclicals;Plantations & Crops;JARR;PT Jhonlin Agro Raya Tbk;03/31/2025;Dec;3.998,64;2.237,56;1.761,09;849,09;76,57;59,73;59,73;36,11;2,05;10,85;2,05;1,27;8,3;18,9;39,3;1;0;1;1;1;4
554;Consumer Cyclicals;Apparel & Textile Retail;MAPA;Map Aktif Adiperkasa Tbk;03/31/2025;Dec;13.169,12;5.633,30;7.535,82;4.319,43;424,44;338,65;339,98;49,56;2,46;13,12;2,46;0,75;10,7;18,7;32,7;1;0;1;1;1;4
175;Basic Materials;Agricultural Chemicals;SAMF;Saraswanti Anugerah Makmur Tbk;03/31/2025;Dec;2.930,67;1.322,17;1.608,49;743,36;59,67;46,55;44,16;29,30;2,09;11,19;2,09;0,82;10,2;18,7;40,4;1;0;1;1;1;4
865;Infrastructures;Heavy Constructions & Civil Engineering;ASLI;PT Asri Karya Lestari Tbk.;09/30/2024;Dec;520,26;43,73;476,53;994,48;67,47;80,05;80,06;13,89;0,66;3,60;0,66;0,09;16,7;18,2;8,7;1;1;1;1;0;4
150;Basic Materials;Diversified Forest;KMTR;PT Kirana Megatara Tbk.;03/31/2025;Dec;6.085,04;3.912,11;2.172,93;3.596,31;157,62;120,74;120,11;47,85;1,14;6,31;1,14;1,80;6,5;18,1;10,9;1;1;0;1;1;4
602;Healthcare;Pharmaceuticals;SCPI;Organon Pharma Indonesia Tbk;12/31/2024;Dec;1.635,97;602,97;1.033,00;2.895,90;241,67;186,62;186,62;51.837,67;0,10;0,56;0,10;0,58;11,4;18,1;6,4;1;1;1;1;0;4
913;Infrastructures;Wireless Telecommunication Services;TOWR;Sarana Menara Nusantara Tbk;12/31/2024;Dec;77.828,38;58.659,17;19.169,21;12.735,82;4.195,70;3.364,61;3.335,44;65,38;1,52;8,72;1,52;3,06;4,3;17,4;26,2;1;1;0;1;1;4
845;Technology;Electronic Equipment & Instruments;GLVA;Galva Technologies Tbk;12/31/2024;Dec;1.113,58;662,60;450,98;2.307,26;112,81;88,20;76,21;50,81;1,08;6,38;1,08;1,47;6,8;16,9;3,3;1;1;1;1;0;4
314;Consumer Non-Cyclicals;Liquors;DLTA;Delta Djakarta Tbk;12/31/2024;Dec;1.118,18;268,27;849,90;646,76;181,36;142,37;142,27;177,70;2,05;12,27;2,05;0,32;12,7;16,7;22,0;1;0;1;1;1;4
54;Energy;Oil & Gas Production & Refinery;MEDC;Medco Energi Internasional Tbk;12/31/2024;Dec;128.106,48;90.111,45;37.995,02;38.773,32;10.844,85;6.144,52;5.936,88;236,19;0,69;4,45;0,69;2,37;4,6;15,6;15,3;1;1;0;1;1;4
617;Financials;Banks;BBNI;PT Bank Negara Indonesia (Persero) Tbk;03/31/2025;Dec;1.146.583,29;973.569,18;173.014,10;20.239,59;6.518,77;5.412,94;5.380,47;719,57;0,90;5,81;0,90;5,63;2,3;15,5;132,6;1;1;0;1;1;4
633;Financials;Banks;BNGA;PT Bank CIMB Niaga Tbk;03/31/2025;Dec;370.992,24;315.429,30;55.562,95;6.905,61;2.242,84;1.843,69;1.804,93;342,03;0,79;5,12;0,79;5,68;2,3;15,5;124,5;1;1;0;1;1;4
379;Consumer Non-Cyclicals;Dairy Products;ULTJ;Ultra Jaya Milk Industry & Trading Company Tbk;12/31/2024;Dec;8.461,36;1.034,45;7.426,92;8.874,20;1.506,96;1.153,92;1.136,62;98,38;2,15;14,08;2,15;0,14;13,4;15,3;12,8;1;0;1;1;1;4
653;Financials;Consumer Financing;ADMF;Adira Dinamika Multi Finance Tbk;03/31/2025;Dec;32.133,00;21.012,66;11.120,34;1.947,40;352,41;278,52;278,52;1.683,68;0,80;5,26;0,80;1,89;5,2;15,1;86,5;1;1;0;1;1;4
675;Financials;General Insurance;AMAG;Asuransi Multi Artha Guna Tbk;03/31/2025;Dec;6.124,47;4.247,41;1.877,06;1.304,79;55,34;52,61;52,61;56,68;1,03;6,85;1,03;2,26;4,6;15,1;21,7;1;1;0;1;1;4
357;Consumer Non-Cyclicals;Plantations & Crops;PSGO;PT Palma Serasih Tbk.;03/31/2025;Dec;4.041,35;1.508,64;2.532,70;578,47;114,71;91,06;91,06;19,98;1,35;9,06;1,35;0,60;9,3;14,9;65,1;1;1;1;0;1;4
513;Consumer Cyclicals;Restaurants;PTSP;Pioneerindo Gourmet International Tbk;03/31/2025;Dec;365,25;196,77;168,49;169,16;1,80;0,95;0,67;113,40;0,95;6,39;0,95;1,17;6,9;14,9;14,8;1;1;1;0;1;4
938;Transportation & Logistic;Logistics & Deliveries;ELPI;PT Pelayaran Nasional Ekalya Purnamasari Tbk;03/31/2025;Dec;2.682,14;522,26;2.159,88;212,60;44,96;44,96;45,98;43,22;1,29;8,70;1,29;0,24;11,9;14,8;150,7;1;1;1;0;1;4
114;Basic Materials;Specialty Chemicals;CLPI;Colorpak Indonesia Tbk;03/31/2025;Dec;828,51;240,39;588,12;224,71;18,40;14,82;14,82;284,63;0,61;4,13;0,61;0,41;10,5;14,8;38,8;1;1;1;0;1;4
168;Basic Materials;Containers & Packaging;PBID;Panca Budi Idaman Tbk;03/31/2025;Dec;3.562,41;497,80;3.064,61;1.277,52;128,63;102,23;101,78;60,55;1,26;8,50;1,26;0,16;12,7;14,8;35,6;1;1;1;0;1;4
47;Energy;Coal Production;KKGI;Resource Alam Indonesia Tbk;03/31/2025;Dec;3.172,96;510,50;2.662,46;608,29;21,32;14,47;13,17;78,22;0,71;4,86;0,71;0,19;12,3;14,7;64,3;1;1;1;0;1;4
358;Consumer Non-Cyclicals;Plantations & Crops;PTPS;PT Pulau Subur Tbk.;12/31/2024;Dec;190,56;5,41;185,15;63,58;33,57;27,13;27,13;12,52;0,87;5,91;0,87;0,03;14,2;14,7;42,7;1;1;1;0;1;4
53;Energy;Coal Production;MCOL;Prima Andalan Mandiri Tbk;03/31/2025;Dec;12.572,26;2.818,51;9.753,75;2.367,03;160,15;123,32;124,50;397,79;1,83;12,63;1,83;0,29;11,2;14,5;59,8;1;1;1;0;1;4
317;Consumer Non-Cyclicals;Plantations & Crops;DSNG;PT Dharma Satya Nusantara Tbk.;03/31/2025;Dec;17.635,65;7.371,38;10.264,27;2.678,81;497,98;366,96;368,16;140,23;0,79;5,46;0,79;0,72;8,4;14,5;55,5;1;1;1;0;1;4
403;Consumer Cyclicals;Auto Parts & Equipment;AUTO;Astra Otoparts Tbk;03/31/2025;Dec;22.029,71;5.897,61;16.132,10;4.894,44;605,56;530,81;505,58;479,82;0,65;4,54;0,65;0,37;10,5;14,3;47,2;1;1;1;0;1;4
389;Consumer Non-Cyclicals;Tobacco;WIIM;Wismilak Inti Makmur Tbk;03/31/2025;Dec;3.226,48;1.239,93;1.986,54;1.361,98;97,73;73,11;73,13;133,93;0,84;5,90;0,84;0,62;8,7;14,2;20,6;1;1;1;0;1;4
436;Consumer Cyclicals;Consumer Electronics;DOSS;PT Global Sukses Digital Tbk;03/31/2025;Dec;267,23;93,33;173,91;192,86;5,60;5,41;5,57;14,19;1,59;11,27;1,59;0,54;9,2;14,1;12,7;1;1;1;0;1;4
331;Consumer Non-Cyclicals;Processed Foods;ICBP;Indofood CBP Sukses Makmur Tbk;03/31/2025;Dec;130.730,63;60.898,06;69.832,57;20.185,79;3.729,73;3.034,57;2.656,71;833,40;1,90;13,62;1,90;0,87;7,4;13,9;48,1;1;1;1;0;1;4
912;Infrastructures;Integrated Telecommunication Service;TLKM;Telkom Indonesia (Persero) Tbk.;03/31/2025;Dec;299.546,00;129.244,00;170.302,00;36.639,00;9.590,00;7.597,00;5.810,00;236,28;1,54;11,17;1,54;0,76;7,8;13,7;63,9;1;1;1;0;1;4
33;Energy;Oil & Gas Production & Refinery;ENRG;Energi Mega Persada Tbk;03/31/2025;Dec;26.239,35;15.059,30;11.180,05;1.938,97;452,19;297,83;297,49;61,04;0,43;3,16;0,43;1,35;5,8;13,6;78,1;1;1;1;0;1;4
416;Consumer Cyclicals;Auto Parts & Equipment;PART;PT Cipta Perdana Lancar Tbk;03/31/2025;Dec;294,36;132,55;161,81;74,62;7,00;5,47;5,47;8,00;1,60;11,88;1,60;0,82;7,4;13,4;29,2;1;1;1;0;1;4
754;Properties & Real Estate;Real Estate Development & Management;JRPT;Jaya Real Property Tbk;03/31/2025;Dec;14.321,77;3.957,36;10.364,41;641,62;252,16;244,77;244,09;101,22;0,94;7,01;0,94;0,38;9,7;13,4;216,9;1;1;1;0;1;4
239;Industrials;Building Products & Fixtures;TOTO;Surya Toto Indonesia Tbk;03/31/2025;Dec;3.394,14;846,41;2.547,74;576,94;110,11;85,89;85,89;33,11;0,92;6,83;0,92;0,33;10,1;13,4;59,2;1;1;1;0;1;4
581;Healthcare;Healthcare Supplies & Distributions;OMED;PT Jayamas Medica Industri Tbk;03/31/2025;Dec;2.936,53;367,76;2.568,78;436,32;93,10;73,09;72,76;12,23;1,70;13,16;1,70;0,14;11,3;12,9;75,9;1;1;1;0;1;4
924;Transportation & Logistic;Road Transportation;BIRD;PT Blue Bird Tbk;03/31/2025;Dec;8.745,85;2.583,96;6.161,89;1.301,71;212,42;166,90;165,40;315,86;0,70;5,48;0,70;0,42;9,0;12,8;60,7;1;1;1;0;1;4
106;Basic Materials;Construction Materials;BLES;PT Superior Prima Sukses Tbk;03/31/2025;Dec;1.881,30;811,13;1.070,17;314,21;1,94;1,10;1,08;15,30;1,51;11,90;1,51;0,76;7,2;12,7;43,3;1;1;1;0;1;4
364;Consumer Non-Cyclicals;Processed Foods;SKLT;Sekar Laut Tbk;03/31/2025;Dec;1.540,99;592,91;948,08;654,39;42,91;33,45;33,45;17,44;1,40;11,01;1,40;0,63;7,8;12,7;18,4;1;1;1;0;1;4
850;Technology;Computer Hardware;MTDL;Metrodata Electronics Tbk;03/31/2025;Dec;11.725,57;5.851,78;5.873,80;5.527,49;268,15;212,09;153,68;60,77;1,17;9,21;1,17;1,00;6,4;12,7;13,5;1;1;1;0;1;4
243;Industrials;Business Support Services;ASGR;Astra Graphia Tbk;03/31/2025;Dec;2.864,66;892,83;1.971,83;721,28;59,00;47,12;47,12;185,11;0,60;4,73;0,60;0,45;8,7;12,7;34,6;1;1;1;0;1;4
50;Energy;Coal Distribution;MAHA;PT Mandiri Herindo Adiperkasa Tbk;03/31/2025;Dec;2.781,05;916,62;1.864,43;641,04;19,89;8,99;11,03;14,07;1,50;11,94;1,50;0,49;8,4;12,6;36,6;1;1;1;0;1;4
265;Industrials;Multi-sector Holdings;ASII;Astra International Tbk;12/31/2024;Dec;472.925,00;201.429,00;271.496,00;330.920,00;53.159,00;43.424,00;34.051,00;841,11;0,72;5,71;0,72;0,74;7,2;12,5;10,3;1;1;1;0;1;4
340;Consumer Non-Cyclicals;Plantations & Crops;LSIP;PP London Sumatra Indonesia Tbk;03/31/2025;Dec;14.253,85;1.306,05;12.947,80;1.289,64;466,85;391,50;391,80;234,52;0,62;4,99;0,62;0,10;11,2;12,4;124,0;1;1;1;0;1;4
867;Infrastructures;Heavy Constructions & Civil Engineering;BUKK;Bukaka Teknik Utama Tbk;03/31/2025;Dec;9.375,19;4.125,01;5.250,18;678,86;180,78;166,67;162,43;241,05;0,43;3,57;0,43;0,79;6,8;12,1;93,8;1;1;1;0;1;4
360;Consumer Non-Cyclicals;Plantations & Crops;SGRO;PT Sampoerna Agro Tbk;12/31/2024;Dec;10.702,35;4.492,33;6.210,02;5.694,23;1.068,20;697,48;748,56;411,61;0,68;5,66;0,68;0,72;7,0;12,1;13,1;1;1;1;0;1;4
238;Industrials;Building Products & Fixtures;SPTO;Surya Pertiwi Tbk;03/31/2025;Dec;3.440,91;1.010,61;2.430,29;714,70;79,74;66,45;60,65;108,21;0,78;6,47;0,78;0,42;8,5;12,0;40,9;1;1;1;0;1;4
555;Consumer Cyclicals;Apparel & Textile Retail;MAPI;Mitra Adiperkasa Tbk;03/31/2025;Dec;31.283,80;16.059,62;15.224,17;9.300,36;678,09;566,75;472,26;109,99;1,49;12,41;1,49;1,05;5,8;12,0;19,6;1;1;1;0;1;4
129;Basic Materials;Iron & Steel;GDST;Gunawan Dianjaya Steel Tbk;03/31/2025;Dec;3.045,97;1.650,73;1.395,24;639,74;42,89;39,03;39,03;17,88;0,53;4,47;0,53;1,18;5,4;11,8;25,8;1;1;1;0;1;4
37;Energy;Oil & Gas Storage & Distribution;GTSI;GTS Internasional Tbk;03/31/2025;Dec;1.882,52;754,42;1.128,10;132,80;31,13;28,95;26,37;8,44;0,56;4,74;0,56;0,67;7,1;11,8;100,5;1;1;1;0;1;4
407;Consumer Cyclicals;Tires;GDYR;Goodyear Indonesia Tbk;03/31/2025;Dec;1.969,51;998,65;970,86;775,22;27,79;22,32;22,32;274,67;0,50;4,28;0,50;1,03;5,7;11,6;14,5;1;1;1;0;1;4
752;Properties & Real Estate;Real Estate Development & Management;INPP;Indonesian Paradise Property Tbk;03/31/2025;Dec;10.152,23;3.325,19;6.827,05;286,40;502,51;382,44;356,17;69,98;1,47;12,86;1,47;0,49;7,7;11,5;273,2;1;1;1;0;1;4
570;Healthcare;Healthcare Providers;BMHS;Bundamedik Tbk;03/31/2025;Dec;3.491,23;1.338,70;2.152,53;379,03;6,60;5,08;3,27;28,63;0,99;8,66;0,99;0,62;7,1;11,4;65,0;1;1;1;0;1;4
258;Industrials;Research & Consulting Services;MUTU;PT Mutuagung Lestari Tbk;03/31/2025;Dec;297,08;74,84;222,24;71,79;8,41;5,76;5,75;8,06;1,54;13,53;1,54;0,34;8,5;11,4;35,3;1;1;1;0;1;4
310;Consumer Non-Cyclicals;Fish, Meat, & Poultry;CPRO;Central Proteina Prima Tbk;03/31/2025;Dec;6.806,76;3.078,02;3.728,74;2.395,31;211,61;160,09;159,98;7,11;0,86;7,60;0,86;0,83;6,2;11,4;17,7;1;1;1;0;1;4
52;Energy;Coal Distribution;MBSS;Mitrabahtera Segara Sejati Tbk;03/31/2025;Dec;4.122,30;410,49;3.711,81;239,82;164,60;164,60;164,06;238,48;0,54;4,84;0,54;0,11;10,1;11,2;174,0;1;1;1;0;1;4
560;Consumer Cyclicals;Department Stores;RALS;Ramayana Lestari Sentosa Tbk;03/31/2025;Dec;5.744,94;1.950,52;3.794,41;1.145,60;265,62;217,88;217,88;59,91;0,79;7,04;0,79;0,51;7,4;11,2;37,1;1;1;1;0;1;4
87;Energy;Oil, Gas & Coal Equipment & Services;WINS;Wintermar Offshore Marine Tbk;03/31/2025;Dec;4.116,52;881,04;3.235,48;277,29;56,27;52,33;27,21;81,48;0,52;4,69;0,52;0,27;8,6;11,0;128,3;1;1;1;0;1;4
583;Healthcare;Healthcare Providers;PRDA;PT Prodia Widyahusada Tbk.;12/31/2024;Dec;2.840,14;355,45;2.484,69;2.252,19;342,99;270,04;270,20;288,21;1,05;9,65;1,05;0,14;9,5;10,9;12,0;1;1;1;0;1;4
749;Properties & Real Estate;Real Estate Development & Management;HBAT;PT Minahasa Membangun Hebat Tbk;12/31/2024;Dec;82,09;3,79;78,30;39,47;9,46;8,47;8,47;8,14;0,56;5,16;0,56;0,05;10,3;10,8;21,5;1;1;1;0;1;4
934;Transportation & Logistic;Road Transportation;WEHA;PT WEHA Transportasi Indonesia Tbk;03/31/2025;Dec;389,96;140,12;249,84;70,30;3,38;2,63;2,63;18,40;0,60;5,60;0,60;0,56;6,9;10,8;38,2;1;1;1;0;1;4
478;Consumer Cyclicals;Hotels, Resorts & Cruise Lines;EAST;Eastparc Hotel Tbk;03/31/2025;Dec;487,74;21,36;466,38;20,76;6,81;5,42;5,42;11,98;0,88;8,35;0,88;0,05;10,1;10,6;238,1;1;1;1;0;1;4
267;Industrials;Multi-sector Holdings;BNBR;Bakrie & Brothers Tbk;03/31/2025;Dec;7.077,47;3.293,13;3.784,34;953,80;76,19;65,93;62,02;2,31;1,51;14,29;1,51;0,87;5,7;10,6;42,0;1;1;1;0;1;4
57;Energy;Oil, Gas & Coal Equipment & Services;MYOH;Samindo Resources Tbk;03/31/2025;Dec;3.678,23;716,31;2.961,92;678,76;82,71;63,16;62,26;140,56;1,34;12,77;1,34;0,24;8,4;10,5;45,7;1;1;1;0;1;4
195;Basic Materials;Paper;TKIM;Pabrik Kertas Tjiwi Kimia Tbk;03/31/2025;Dec;64.511,62;18.492,86;46.018,76;4.228,29;1.687,40;1.634,62;1.634,62;1.534,40;0,35;3,34;0,35;0,40;7,4;10,4;113,0;1;1;1;0;1;4
868;Infrastructures;Heavy Constructions & Civil Engineering;DGIK;Nusa Konstruksi Enjiniring  Tbk;03/31/2025;Dec;1.217,20;526,70;690,50;160,38;8,95;8,28;8,28;12,93;0,52;5,03;0,52;0,76;5,9;10,4;44,7;1;1;1;0;1;4
333;Consumer Non-Cyclicals;Processed Foods;INDF;Indofood Sukses Makmur Tbk;03/31/2025;Dec;209.241,58;96.658,01;112.583,57;31.555,02;4.893,15;3.913,78;2.724,02;1.295,98;0,62;6,17;0,62;0,86;5,4;10,1;36,1;1;1;1;0;1;4
142;Basic Materials;Construction Materials;INTP;Indocement Tunggal Prakarsa Tbk;03/31/2025;Dec;30.096,12;7.771,10;22.325,02;3.975,73;259,67;210,68;210,68;611,80;0,88;8,74;0,88;0,35;7,5;10,1;56,6;1;1;1;0;1;4
921;Infrastructures;Electric Utilities;POWR;Cikarang Listrindo Tbk;03/31/2025;Dec;28.080,14;16.072,05;12.008,10;2.244,73;409,82;280,53;280,53;75,27;0,95;9,43;0,95;1,34;4,3;10,1;53,9;1;1;1;0;1;4
897;Infrastructures;Wireless Telecommunication Services;GHON;PT Gihon Telekomunikasi Indonesia Tbk;12/31/2024;Dec;1.427,44;580,63;846,81;211,68;89,63;86,40;84,83;154,23;1,00;9,98;1,00;0,69;5,9;10,0;40,1;1;1;1;0;1;4
788;Properties & Real Estate;Real Estate Development & Management;RDTX;Roda Vivatex Tbk;03/31/2025;Dec;3.484,60;378,76;3.105,84;140,41;84,30;84,00;84,00;1.147,69;1,08;10,83;1,08;0,12;8,9;9,9;219,7;1;1;1;0;1;4
798;Properties & Real Estate;Real Estate Development & Management;SMRA;Summarecon Agung Tbk;12/31/2024;Dec;33.534,10;19.701,57;13.832,53;10.623,35;2.463,40;1.842,22;1.373,38;83,19;0,52;5,19;0,52;1,42;4,1;9,9;12,9;1;1;1;0;1;4
82;Energy;Coal Distribution;TEBE;Dana Brata Luhur Tbk;03/31/2025;Dec;1.151,49;59,69;1.091,80;71,28;0,15;0,10;0,11;84,25;0,79;8,01;0,79;0,05;9,4;9,9;151,9;1;1;1;0;1;4
735;Properties & Real Estate;Real Estate Development & Management;CTRA;Ciputra Development Tbk;03/31/2025;Dec;46.580,71;21.287,80;25.292,91;2.731,73;743,80;668,63;660,41;131,92;0,67;6,97;0,67;0,84;5,2;9,7;89,5;1;1;1;0;1;4
124;Basic Materials;Basic Chemicals;ESSA;Surya Esa Perkasa Tbk;03/31/2025;Dec;11.052,89;1.704,67;9.348,22;1.153,36;225,44;176,93;134,65;51,75;1,11;11,69;1,11;0,18;8,1;9,5;77,3;1;1;1;0;1;4
818;Technology;Online Applications & Services;EMTK;Elang Mahkota Teknologi Tbk;03/31/2025;Dec;61.112,41;7.379,09;53.733,32;3.938,89;3.911,63;3.734,09;3.634,28;83,17;0,61;6,43;0,61;0,14;8,4;9,5;129,6;1;1;1;0;1;4
246;Industrials;Research & Consulting Services;CRSN;PT Carsurin Tbk;03/31/2025;Dec;365,77;132,57;233,20;112,00;5,17;2,57;2,66;7,51;1,36;14,64;1,36;0,57;5,9;9,3;19,4;1;1;1;0;1;4
859;Infrastructures;Highways & Railtracks;JSMR;Jasa Marga (Persero) Tbk;03/31/2025;Dec;142.709,82;83.965,07;58.744,75;6.459,64;1.517,35;1.206,43;927,49;752,71;0,53;5,69;0,53;1,43;3,8;9,3;84,6;1;1;1;0;1;4
413;Consumer Cyclicals;Auto Parts & Equipment;LPIN;Multi Prima Sejahtera Tbk;03/31/2025;Dec;379,52;31,88;347,65;39,02;7,12;6,07;6,07;75,65;0,46;5,02;0,46;0,09;8,5;9,2;82,4;1;1;1;0;1;4
327;Consumer Non-Cyclicals;Plantations & Crops;GUNA;PT Gunanusa Eramandiri Tbk;03/31/2025;Dec;1.003,77;297,53;706,24;428,37;35,61;27,78;16,32;26,06;1,00;10,82;1,00;0,42;6,5;9,2;15,2;1;1;1;0;1;4
728;Properties & Real Estate;Real Estate Development & Management;BSDE;Bumi Serpong Damai Tbk;12/31/2024;Dec;76.023,35;28.704,02;47.319,33;13.796,57;4.945,40;4.917,67;4.359,06;205,89;0,39;4,20;0,39;0,61;5,7;9,2;31,6;1;1;1;0;1;4
558;Consumer Cyclicals;Automotive Retail;MPMX;PT Mitra Pinasthika Mustika Tbk.;03/31/2025;Dec;9.401,97;3.044,67;6.357,30;3.997,82;191,67;153,52;153,52;128,05;0,72;8,04;0,72;0,48;6,1;9,0;14,3;1;1;1;0;1;4
509;Consumer Cyclicals;Recreational & Sports Facilities;PJAA;Pembangunan Jaya Ancol Tbk;03/31/2025;Dec;3.611,01;1.888,45;1.722,56;210,80;-0,96;-11,32;-11,17;96,00;0,47;5,26;0,47;1,10;4,3;8,9;72,9;1;1;1;0;1;4
779;Properties & Real Estate;Real Estate Development & Management;PLIN;Plaza Indonesia Realty Tbk;12/31/2024;Dec;12.767,56;1.417,91;11.349,65;1.386,22;1.032,00;997,54;997,54;281,00;0,79;8,93;0,79;0,12;7,8;8,8;72,0;1;1;1;0;1;4
139;Basic Materials;Paper;INKP;Indah Kiat Pulp & Paper Tbk;03/31/2025;Dec;199.574,23;91.091,96;108.482,27;12.966,51;2.651,93;2.321,08;2.321,23;1.711,21;0,26;3,01;0,26;0,84;4,7;8,6;72,2;1;1;1;0;1;4
51;Energy;Coal Production;MBAP;Mitrabara Adiperdana Tbk;03/31/2025;Dec;4.269,94;1.164,80;3.105,14;830,74;40,91;26,86;26,71;217,76;0,70;8,15;0,70;0,38;6,3;8,6;32,2;1;1;1;0;1;4
786;Properties & Real Estate;Real Estate Development & Management;PWON;Pakuwon Jati Tbk;12/31/2024;Dec;35.371,09;10.629,09;24.742,00;6.670,81;2.452,74;2.421,71;2.074,73;43,08;0,74;8,87;0,74;0,43;5,9;8,4;31,1;1;1;1;0;1;4
148;Basic Materials;Containers & Packaging;KDSI;Kedawung Setia Industrial Tbk;03/31/2025;Dec;1.202,98;367,11;835,87;542,74;19,72;11,75;11,75;43,12;0,83;9,93;0,83;0,44;5,8;8,4;12,9;1;1;1;0;1;4
769;Properties & Real Estate;Real Estate Development & Management;MTLA;Metropolitan Land Tbk;03/31/2025;Dec;7.421,36;1.729,72;5.691,63;365,50;118,33;101,73;75,31;62,02;0,59;7,06;0,59;0,30;6,4;8,3;129,9;1;1;1;0;1;4
608;Financials;Banks;AMAR;PT Bank Amar Indonesia Tbk.;03/31/2025;Dec;5.147,42;1.738,72;3.408,70;340,06;87,83;67,49;67,49;15,36;0,91;10,94;0,91;0,51;5,5;8,3;83,0;1;1;1;0;1;4
41;Energy;Oil & Gas Storage & Distribution;HUMI;PT Humpuss Maritim Internasional Tbk;03/31/2025;Dec;5.162,19;2.237,56;2.924,63;546,28;64,31;56,29;52,50;13,18;0,31;3,79;0,31;0,77;4,6;8,1;43,5;1;1;1;0;1;4
408;Consumer Cyclicals;Tires;GJTL;Gajah Tunggal Tbk;03/31/2025;Dec;21.498,63;11.668,28;9.830,36;4.404,02;457,80;353,35;353,35;229,23;0,39;4,80;0,39;1,19;3,7;8,1;18,1;1;1;1;0;1;4
297;Consumer Non-Cyclicals;Plantations & Crops;BISI;BISI INTERNATIONAL Tbk;03/31/2025;Dec;3.633,20;213,04;3.420,16;317,39;37,32;29,70;29,67;91,98;0,89;10,98;0,89;0,06;7,6;8,1;86,9;1;1;1;0;1;4
288;Consumer Non-Cyclicals;Processed Foods;AISA;FKS Food Sejahtera Tbk;03/31/2025;Dec;2.039,10;956,46;1.082,64;481,48;41,76;34,94;34,94;8,93;1,14;14,78;1,14;0,88;4,1;7,7;17,3;1;1;1;0;1;4
220;Industrials;Electrical Components & Equipment;KBLI;KMI Wire & Cable Tbk;03/31/2025;Dec;3.166,75;332,54;2.834,21;819,57;51,50;41,94;42,26;53,11;0,56;7,42;0,56;0,12;6,7;7,5;26,0;1;1;1;0;1;4
956;Transportation & Logistic;Logistics & Deliveries;SMDR;Samudera Indonesia Tbk;03/31/2025;Dec;21.528,86;9.177,96;12.350,91;3.000,98;416,98;385,80;257,01;55,89;0,34;4,54;0,34;0,74;4,3;7,4;30,5;1;1;1;0;1;4
58;Energy;Oil & Gas Storage & Distribution;PGAS;Perusahaan Gas Negara Tbk;03/31/2025;Dec;108.422,24;46.004,63;62.417,60;16.012,09;1.746,48;1.494,13;1.027,36;189,35;0,65;8,90;0,65;0,74;4,2;7,4;28,7;1;1;1;0;1;4
42;Energy;Coal Production;IATA;MNC Energy Investments Tbk;03/31/2025;Dec;3.941,79;1.762,02;2.179,77;373,84;47,11;27,18;27,20;5,06;0,67;9,29;0,67;0,81;4,0;7,3;42,3;1;1;1;0;1;4
904;Infrastructures;Wired Telecommunication Service;KETR;PT Ketrosden Triasmitra;03/31/2025;Dec;2.039,30;993,46;1.045,84;115,57;20,28;16,74;16,74;26,64;0,44;6,08;0,44;0,95;3,7;7,2;65,5;1;1;1;0;1;4
855;Infrastructures;Highways & Railtracks;CMNP;Citra Marga Nusaphala Persada Tbk;12/31/2024;Dec;23.923,23;9.371,82;14.551,41;4.108,09;1.343,01;971,63;1.050,67;174,25;0,58;8,01;0,58;0,64;4,4;7,2;25,6;1;1;1;0;1;4
740;Properties & Real Estate;Real Estate Development & Management;DUTI;Duta Pertiwi Tbk;12/31/2024;Dec;14.362,40;2.494,63;11.867,76;4.422,68;1.377,07;1.375,53;851,77;460,42;0,52;7,28;0,52;0,21;5,9;7,2;19,3;1;1;1;0;1;4
257;Industrials;Environmental & Facilities Services;MHKI;PT Multi Hanna Kreasindo Tbk;12/31/2024;Dec;469,47;17,96;451,50;172,30;42,21;32,20;32,20;8,59;0,81;11,41;0,81;0,04;6,9;7,1;18,7;1;1;1;0;1;4
198;Basic Materials;Basic Chemicals;UNIC;Unggul Indah Cahaya Tbk;03/31/2025;Dec;5.774,35;711,30;5.063,04;1.511,89;118,37;93,87;94,99;917,73;0,55;7,98;0,55;0,14;6,1;6,9;23,3;1;1;1;0;1;4
361;Consumer Non-Cyclicals;Plantations & Crops;SIMP;Salim Ivomas Pratama Tbk;03/31/2025;Dec;38.419,04;13.854,37;24.564,67;4.817,34;757,81;577,21;447,58;109,05;0,26;3,78;0,26;0,56;4,4;6,9;35,1;1;1;1;0;1;4
756;Properties & Real Estate;Real Estate Development & Management;KIJA;Kawasan Industri Jababeka Tbk;03/31/2025;Dec;14.444,70;6.704,82;7.739,88;1.290,96;219,48;200,48;43,24;25,55;0,47;6,77;0,47;0,87;3,7;6,9;41,2;1;1;1;0;1;4
134;Basic Materials;Containers & Packaging;IGAR;Champion Pacific Indonesia Tbk;03/31/2025;Dec;1.008,12;100,14;907,98;222,14;25,91;20,03;13,53;64,04;0,55;8,04;0,55;0,11;6,2;6,9;28,0;1;1;1;0;1;4
221;Industrials;Electrical Components & Equipment;KBLM;Kabelindo Murni Tbk;03/31/2025;Dec;1.775,03;330,92;1.444,11;468,86;28,89;22,31;22,31;87,79;0,22;3,24;0,22;0,23;5,5;6,8;21,0;1;1;1;0;1;4
866;Infrastructures;Heavy Constructions & Civil Engineering;BDKR;PT Berdikari Pondasi Perkasa Tbk.;03/31/2025;Dec;1.288,77;503,60;785,17;107,72;6,74;4,58;4,58;11,09;0,76;11,36;0,76;0,64;4,1;6,7;48,6;1;1;1;0;1;4
227;Industrials;Building Products & Fixtures;KUAS;Ace Oldfields Tbk;03/31/2025;Dec;286,07;122,30;163,77;28,74;1,26;0,90;0,90;8,33;0,39;6,01;0,39;0,75;3,8;6,6;37,5;1;1;1;0;1;4
789;Properties & Real Estate;Real Estate Development & Management;REAL;Repower Asia Indonesia Tbk;03/31/2025;Dec;378,15;2,11;376,05;1,71;0,25;0,20;0,20;3,66;0,74;11,46;0,74;0,01;6,4;6,5;1420,3;1;1;1;0;1;4
285;Consumer Non-Cyclicals;Plantations & Crops;AALI;Astra Agro Lestari Tbk;03/31/2025;Dec;29.753,10;6.291,53;23.461,57;7.023,96;370,80;284,92;277,03;759,02;0,49;7,84;0,49;0,27;4,9;6,2;20,8;1;1;1;0;1;4
234;Industrials;Electrical Components & Equipment;SCCO;Supreme Cable Manufacturing & Commerce Tbk;03/31/2025;Dec;5.793,53;330,00;5.463,53;1.986,75;120,82;93,04;92,86;397,26;0,33;5,44;0,33;0,06;5,6;6,0;16,4;1;1;1;0;1;4
852;Technology;Networking Equipment;PTSN;Sat Nusapersada Tbk;03/31/2025;Dec;2.751,24;826,79;1.924,45;579,09;21,41;16,71;16,71;21,25;0,60;10,26;0,60;0,43;4,1;5,9;19,5;1;1;1;0;1;4
853;Technology;Computer Hardware;ZYRX;Zyrexindo Mandiri Buana Tbk;03/31/2025;Dec;396,43;98,12;298,31;43,38;-1,83;-1,81;-1,81;13,00;0,52;9,00;0,52;0,33;4,4;5,8;39,9;1;1;1;0;1;4
176;Basic Materials;Basic Chemicals;SBMA;Surya Biru Murni Acetylene Tbk;03/31/2025;Dec;289,64;59,77;229,88;32,48;2,64;1,98;1,98;14,32;0,47;8,10;0,47;0,26;4,6;5,8;41,0;1;1;1;0;1;4
233;Industrials;Industrial Machinery & Components;PTMP;PT Mitra Pack Tbk.;03/31/2025;Dec;339,92;105,37;234,55;52,51;3,71;2,34;1,96;4,11;0,80;14,36;0,80;0,45;3,8;5,6;24,8;1;1;1;0;1;4
179;Basic Materials;Construction Materials;SMCB;Solusi Bangun Indonesia Tbk;03/31/2025;Dec;20.905,70;7.943,36;12.962,33;2.468,62;68,76;48,22;48,22;79,76;0,54;9,72;0,54;0,61;3,4;5,5;29,1;1;1;1;0;1;4
121;Basic Materials;Specialty Chemicals;EKAD;Ekadharma International Tbk;12/31/2024;Dec;1.294,78;103,06;1.191,72;530,43;81,62;64,56;64,44;18,44;0,57;10,47;0,57;0,09;5,0;5,4;12,1;1;1;1;0;1;4
60;Energy;Coal Distribution;PSSI;Pelita Samudera Shipping Tbk;03/31/2025;Dec;3.108,18;494,14;2.614,04;248,88;-1,10;-7,41;-7,69;25,74;0,77;14,37;0,77;0,19;4,5;5,3;56,0;1;1;1;0;1;4
178;Basic Materials;Construction Materials;SMBR;Semen Baturaja (Persero) Tbk;03/31/2025;Dec;4.924,70;1.607,49;3.317,21;527,81;63,48;48,96;48,96;17,43;0,66;12,62;0,66;0,48;3,5;5,2;32,8;1;1;1;0;1;4
137;Basic Materials;Basic Chemicals;INCI;Intanwijaya Internasional Tbk;03/31/2025;Dec;525,02;60,58;464,45;86,79;7,06;5,82;5,82;110,57;0,27;5,47;0,27;0,13;4,4;4,9;26,5;1;1;1;0;1;4
758;Properties & Real Estate;Real Estate Development & Management;KSIX;PT Kentanix Supra International Tbk;12/31/2024;Dec;1.208,89;19,12;1.189,77;227,09;69,25;63,52;58,70;27,46;0,37;7,50;0,37;0,02;4,9;4,9;25,9;1;1;1;0;1;4
67;Energy;Coal Distribution;RIGS;Rig Tenders Indonesia Tbk;03/31/2025;Jun;838,87;16,24;822,62;87,82;20,91;20,57;20,57;64,44;0,54;11,25;0,54;0,02;4,7;4,8;44,7;1;1;1;0;1;4
790;Properties & Real Estate;Real Estate Development & Management;RELF;PT Graha Mitra Asia Tbk. ;12/31/2024;Dec;296,12;58,72;237,40;48,06;11,71;10,54;10,54;1,84;0,48;10,86;0,48;0,25;3,6;4,4;21,9;1;1;1;0;1;4
230;Industrials;Building Products & Fixtures;MLIA;Mulia Industrindo Tbk;03/31/2025;Dec;7.202,48;1.817,10;5.385,38;991,94;35,23;27,06;27,06;35,12;0,35;8,20;0,35;0,34;3,2;4,3;23,4;1;1;1;0;1;4
120;Basic Materials;Specialty Chemicals;DPNS;Duta Pertiwi Nusantara Tbk;12/31/2024;Dec;358,00;22,69;335,31;79,45;15,37;14,31;14,31;43,23;0,24;5,60;0,24;0,07;4,0;4,3;18,0;1;1;1;0;1;4
530;Consumer Cyclicals;Broadcasting;MNCN;Media Nusantara Citra Tbk;03/31/2025;Dec;25.002,48;1.938,98;23.063,50;2.376,15;538,10;484,73;443,89;64,82;0,17;4,04;0,17;0,08;3,9;4,2;41,1;1;1;1;0;1;4
713;Properties & Real Estate;Real Estate Development & Management;APLN;Agung Podomoro Land Tbk;03/31/2025;Dec;25.830,95;12.110,26;13.720,69;874,49;-25,51;-55,58;-62,09;25,09;0,15;3,67;0,15;0,88;2,2;4,2;65,1;1;1;1;0;1;4
657;Financials;Consumer Financing;CFIN;Clipan Finance Indonesia Tbk;03/31/2025;Dec;10.011,95;4.212,03;5.799,92;340,73;43,25;35,04;35,04;60,26;0,21;5,08;0,21;0,73;2,4;4,1;70,5;1;1;1;0;1;4
399;Consumer Non-Cyclicals;Personal Care Products;UCID;PT Uni-Charm Indonesia Tbk.;03/31/2025;Dec;8.568,00;2.679,17;5.888,83;2.203,23;27,01;21,66;21,62;58,57;0,40;9,73;0,40;0,45;2,8;4,1;11,1;1;1;1;0;1;4
76;Energy;Oil & Gas Storage & Distribution;SOCI;Soechi Lines Tbk;03/31/2025;Dec;10.336,79;3.659,77;6.677,02;683,03;56,97;48,49;48,55;38,12;0,17;4,25;0,17;0,55;2,6;4,0;39,4;1;1;1;0;1;4
434;Consumer Cyclicals;Home Furnishings;WOOD;Integra Indocabinet Tbk;03/31/2025;Dec;7.545,85;3.018,95;4.526,90;773,51;65,44;48,36;49,50;26,17;0,47;12,61;0,47;0,67;2,2;3,7;21,8;1;1;1;0;1;4
871;Infrastructures;Heavy Constructions & Civil Engineering;JKON;Jaya Konstruksi Manggala Pratama Tbk;03/31/2025;Dec;4.239,18;1.065,43;3.173,76;627,68;-1,85;-5,70;-5,84;6,32;0,38;11,70;0,38;0,34;2,4;3,2;16,4;1;1;1;0;1;4
156;Basic Materials;Basic Chemicals;MDKI;Emdeki Utama Tbk;03/31/2025;Dec;1.052,57;67,80;984,77;73,63;13,67;10,17;10,02;11,35;0,41;13,92;0,41;0,07;2,7;2,9;39,0;1;1;1;0;1;4
721;Properties & Real Estate;Real Estate Development & Management;BCIP;Bumi Citra Permai Tbk;12/31/2024;Dec;915,50;421,74;493,76;100,00;19,29;15,27;14,26;9,97;0,14;5,02;0,14;0,85;1,6;2,9;14,3;1;1;1;0;1;4
903;Infrastructures;Wired Telecommunication Service;KBLV;First Media Tbk;03/31/2025;Dec;3.821,20;1.440,35;2.380,86;0,53;-8,84;-8,84;-5,72;38,02;0,08;3,00;0,08;0,60;1,7;2,8;12404,3;1;1;1;0;1;4
879;Infrastructures;Heavy Constructions & Civil Engineering;PPRE;PT PP Presisi Tbk.;03/31/2025;Dec;7.773,59;4.277,09;3.496,49;832,95;24,91;1,93;-27,48;9,21;0,18;6,73;0,18;1,22;1,2;2,7;11,3;1;1;1;0;1;4
485;Consumer Cyclicals;Hotels, Resorts & Cruise Lines;GWSA;Greenwood Sejahtera Tbk;03/31/2025;Dec;7.842,13;654,79;7.187,34;15,35;25,71;25,71;24,93;23,81;0,14;5,29;0,14;0,09;2,4;2,6;1210,0;1;1;1;0;1;4
889;Infrastructures;Heavy Constructions & Civil Engineering;WEGE;PT Wijaya Karya Bangunan Gedung Tbk.;03/31/2025;Dec;5.343,12;2.736,83;2.606,29;543,26;0,32;0,32;0,34;6,66;0,22;9,15;0,22;1,05;1,2;2,4;11,7;1;1;1;0;1;4
522;Consumer Cyclicals;Consumer Publishing;DIGI;Arkadia Digital Media Tbk;03/31/2025;Dec;12,93;22,88;-9,95;5,62;-4,02;-3,97;-3,97;60,83;-2,61;0,26;-2,61;-2,30;764,3;;1760,4;1;1;1;0;1;4
446;Consumer Cyclicals;Textiles;CNTX;Centex Tbk;12/31/2024;Mar;473,96;878,29;-404,33;351,97;-77,30;-77,30;-77,30;5.823,51;-0,02;0,02;-0,02;-2,17;86,0;;115,8;1;1;1;0;1;4
893;Infrastructures;Wireless Telecommunication Services;BTEL;Bakrie Telecom Tbk;09/30/2024;Dec;59,82;5.998,72;-5.938,89;300,32;44,65;42,80;42,80;4,86;-0,31;10,28;-0,31;-1,01;299,3;;59,6;1;1;1;0;1;4
25;Energy;Coal Distribution;CNKO;Exploitasi Energi Indonesia Tbk;03/31/2025;Dec;995,46;2.216,88;-1.221,42;425,16;45,88;35,79;34,69;17,33;-0,28;2,19;-0,28;-1,82;15,6;;36,5;1;1;1;0;1;4
255;Industrials;Office Supplies;MDRN;Modern Internasional Tbk;12/31/2024;Dec;179,48;488,69;-309,20;37,12;3,45;8,77;8,77;1,15;-0,20;6,96;-0,20;-1,58;4,9;;23,6;1;1;1;0;1;4
880;Infrastructures;Heavy Constructions & Civil Engineering;PTDU;PT Djasa Ubersakti Tbk;09/30/2024;Dec;182,79;187,49;-4,70;1.226,36;275,03;214,99;214,99;138,61;-3,83;0,09;-3,83;-39,87;113,7;;17,0;1;1;1;0;1;4
856;Infrastructures;Airport Operators;GMFI;Garuda Maintenance Facility Aero Asia Tbk;03/31/2025;Dec;6.831,42;11.029,34;-4.197,93;1.579,76;102,36;62,84;62,89;5,31;-0,44;9,24;-0,44;-2,63;2,9;;12,6;1;1;1;0;1;4
931;Transportation & Logistic;Road Transportation;SAFE;Steady Safe Tbk;12/31/2024;Dec;204,40;215,38;-10,97;233,60;41,41;27,30;27,30;44,38;-9,30;3,74;-9,30;-19,62;13,4;;11,7;1;1;1;0;1;4
929;Transportation & Logistic;Road Transportation;IMJS;Indomobil Multi Jasa Tbk;12/31/2024;Dec;0,03;0,02;-;0,01;-;-;-;26,40;337.186,45;6,93;337.186,45;5,26;776852,0;4864389,1;4227120,4;1;0;0;1;1;3
442;Consumer Cyclicals;Footwear;BATA;Sepatu Bata Tbk;09/30/2024;Dec;458,49;456,21;2,29;19.395,34;2.502,08;2.251,90;2.252,33;1.648,07;28,41;0,03;28,41;199,37;467,3;93628,7;11,0;1;0;0;1;1;3
225;Industrials;Construction Machinery & Heavy Vehicles;KPAL;Steadfast Marine Tbk;09/30/2020;Dec;763,46;579,64;183,82;97.689,08;68.217,85;54.851,27;54.836,30;51.294,27;0,29;-;0,29;3,15;7182,3;29830,0;56,1;0;1;0;1;1;3
834;Technology;Software;SKYB;PT Northcliff Citranusa Indonesia Tbk.;09/30/2019;Dec;38,15;7,94;30,21;2.890,66;164,28;126,04;92,37;156,49;0,99;-;0,99;0,26;239,9;303,0;3,2;0;1;1;1;0;3
553;Consumer Cyclicals;Department Stores;LPPF;Matahari Department Store Tbk;03/31/2025;Dec;7.502,86;6.497,35;1.005,52;2.396,36;786,29;643,33;643,33;506,80;3,93;3,45;3,93;6,46;15,3;113,9;47,8;1;0;0;1;1;3
189;Basic Materials;Paper;SWAT;Sriwahana Adityakarta Tbk;09/30/2024;Dec;609,27;426,23;183,03;3.827,16;328,98;148,02;155,93;48,19;0,59;0,75;0,59;2,33;23,9;79,5;3,8;1;1;0;1;0;3
271;Consumer Non-Cyclicals;Food Retail & Distributors;BUAH;PT Segar Kumala Indonesia Tbk;03/31/2025;Dec;542,68;348,59;194,08;744,56;5,32;3,71;3,71;151,57;8,91;11,41;8,91;1,80;27,9;78,1;20,4;1;0;0;1;1;3
65;Energy;Oil & Gas Production & Refinery;RATU;PT Raharja Energi Cepu Tbk;12/31/2024;Dec;853,69;410,88;442,81;933,19;400,30;225,54;224,16;83,02;33,57;65,95;33,57;0,93;26,4;50,9;24,2;0;0;1;1;1;3
157;Basic Materials;Diversified Metals & Minerals;MINE;PT Sinar Terang Mandiri Tbk;12/31/2024;Dec;1.614,31;1.007,86;606,45;2.118,70;393,85;306,14;306,14;74,95;3,40;6,74;3,40;1,66;19,0;50,5;14,4;1;0;0;1;1;3
161;Basic Materials;Diversified Metals & Minerals;NICL;PAM Mineral Tbk;03/31/2025;Dec;1.268,18;196,86;1.071,32;543,91;252,81;193,14;192,85;46,89;7,10;15,25;7,10;0,18;39,3;46,5;91,7;0;0;1;1;1;3
21;Energy;Coal Production;BYAN;Bayan Resources Tbk;03/31/2025;Dec;53.788,31;11.765,84;42.022,47;14.746,22;4.681,68;3.693,85;3.609,90;555,53;15,69;35,60;15,69;0,28;34,4;44,1;125,6;0;0;1;1;1;3
455;Consumer Cyclicals;Clothing, Accessories & Bags;POLU;Golden Flower Tbk;09/30/2024;Dec;192,17;70,90;121,27;204,51;70,25;60,25;58,73;67,86;54,58;130,05;54,58;0,58;26,5;42,0;24,9;0;0;1;1;1;3
160;Basic Materials;Diversified Metals & Minerals;NICE;PT Adhi Kartiko Pratama Tbk;03/31/2025;Dec;475,65;247,74;227,91;247,89;71,12;53,24;53,24;13,95;8,43;22,65;8,43;1,09;17,8;37,2;34,2;0;0;1;1;1;3
556;Consumer Cyclicals;Home Improvement Retail;MDIY;PT Daya Intiguna Yasa Tbk;03/31/2025;Dec;6.425,99;3.113,18;3.312,81;1.806,20;311,56;226,11;225,20;47,62;11,10;30,66;11,10;0,94;18,7;36,2;66,4;0;0;1;1;1;3
813;Technology;IT Services & Consulting;DCII;DCI Indonesia Tbk;03/31/2025;Dec;5.351,09;1.928,48;3.422,61;773,55;476,66;418,94;418,84;506,38;115,02;326,14;115,02;0,56;22,6;35,3;156,0;0;0;1;1;1;3
217;Industrials;Building Products & Fixtures;IMPC;Impack Pratama Industri Tbk;03/31/2025;Dec;4.544,94;2.241,69;2.303,25;937,25;189,81;152,02;152,46;12,75;7,92;26,36;7,92;0,97;15,2;30,0;73,8;0;0;1;1;1;3
385;Consumer Non-Cyclicals;Processed Foods;YUPI;PT Yupi Indo Jelly Gum Tbk;09/30/2024;Dec;2.687,40;581,23;2.106,17;2.410,40;608,55;484,25;484,24;70,63;6,90;24,07;6,90;0,28;22,5;28,7;25,0;0;0;1;1;1;3
883;Infrastructures;Heavy Constructions & Civil Engineering;RONY;PT Aesler Grup Internasional Tbk;12/31/2024;Dec;7,22;0,64;6,58;2,60;1,95;1,88;1,88;1,50;567,97;1.987,33;567,97;0,10;26,0;28,6;72,3;0;0;1;1;1;3
307;Consumer Non-Cyclicals;Dairy Products;CMRY;Cisarua Mountain Dairy Tbk;03/31/2025;Dec;8.761,71;1.529,67;7.232,04;2.437,14;603,59;479,89;479,86;253,67;5,02;18,05;5,02;0,21;23,0;27,8;82,6;0;0;1;1;1;3
603;Healthcare;Pharmaceuticals;SIDO;Industri Jamu dan Farmasi Sido Muncul Tbk;03/31/2025;Dec;4.097,80;388,07;3.709,73;789,10;296,26;232,94;232,94;33,78;4,81;17,61;4,81;0,10;24,7;27,3;128,4;0;0;1;1;1;3
544;Consumer Cyclicals;Automotive Retail;CARS;PT Industri dan Perdagangan Bintraco Dharma Tbk;12/31/2024;Dec;3.497,68;2.397,61;1.100,07;6.185,18;328,70;230,21;210,45;19,09;1,21;4,66;1,21;2,18;8,2;26,0;4,6;1;1;0;1;0;3
306;Consumer Non-Cyclicals;Soft Drinks;CLEO;Sariguna Primatirta Tbk;12/31/2024;Dec;2.663,39;733,61;1.929,78;2.696,81;604,84;474,02;465,16;38,76;8,89;36,89;8,89;0,38;17,5;24,1;17,2;0;0;1;1;1;3
270;Consumer Non-Cyclicals;Supermarkets & Convenience Store;AMRT;Sumber Alfaria Trijaya Tbk.;03/31/2025;Dec;46.449,19;27.766,60;18.682,59;32.772,51;1.264,80;1.008,33;975,12;99,81;4,80;21,64;4,80;1,49;8,9;22,2;12,6;0;0;1;1;1;3
846;Technology;Electronic Equipment & Instruments;IOTF;PT Sumber Sinergi Makmur Tbk;03/31/2025;Dec;180,15;23,74;156,41;16,85;0,52;0,52;0,52;6,50;6,02;27,38;6,02;0,15;19,1;22,0;204,1;0;0;1;1;1;3
502;Consumer Cyclicals;Hotels, Resorts & Cruise Lines;MGNA;PT Magna Investama Mandiri Tbk;03/31/2025;Dec;127,18;92,39;34,79;9,67;0,08;0,06;0,06;2,15;2,55;12,09;2,55;2,66;5,8;21,1;75,8;1;0;0;1;1;3
324;Consumer Non-Cyclicals;Processed Foods;GOOD;Garudafood Putra Putri Jaya Tbk;03/31/2025;Dec;8.563,96;4.425,42;4.138,54;3.130,05;210,14;158,43;138,44;23,43;3,44;16,48;3,44;1,07;10,1;20,9;27,6;0;0;1;1;1;3
339;Consumer Non-Cyclicals;Dairy Products;KEJU;Mulia Boga Raya Tbk;03/31/2025;Dec;1.077,27;282,13;795,14;368,73;70,25;55,59;55,59;28,87;4,42;21,65;4,42;0,35;15,1;20,4;44,0;0;0;1;1;1;3
259;Industrials;Diversified Industrial Trading;NAIK;PT Adiwarna Anugerah Abadi Tbk;03/31/2025;Dec;223,86;35,04;188,83;58,90;10,01;9,30;9,30;11,52;7,06;35,58;7,06;0,19;16,7;19,8;63,6;0;0;1;1;1;3
636;Financials;Banks;BRIS;PT Bank BRIsyariah Tbk;03/31/2025;Dec;400.883,30;105.807,94;46.916,97;4.456,98;2.423,94;1.878,80;1.878,80;193,01;2,80;14,77;2,80;2,26;2,2;19,0;199,8;1;0;0;1;1;3
450;Consumer Cyclicals;Clothing, Accessories & Bags;HRTA;Hartadinata Abadi Tbk;12/31/2024;Dec;5.959,78;3.610,02;2.349,77;18.228,63;567,08;442,72;442,18;96,02;1,38;7,34;1,38;1,54;7,4;18,8;2,4;1;1;0;1;0;3
600;Healthcare;Pharmaceuticals;PEVE;PT Penta Valent Tbk;12/31/2024;Dec;1.163,51;876,52;286,99;3.012,74;61,89;48,01;48,01;27,19;1,89;11,33;1,89;3,05;4,1;16,7;1,6;1;1;0;1;0;3
746;Properties & Real Estate;Real Estate Development & Management;GMTD;Gowa Makassar Tourism Development Tbk;12/31/2024;Dec;1.294,08;463,19;830,89;399,63;137,23;136,85;136,85;134,78;3,52;21,37;3,52;0,56;10,6;16,5;34,2;0;0;1;1;1;3
374;Consumer Non-Cyclicals;Processed Foods;TGKA;Tigaraksa Satria Tbk;03/31/2025;Dec;4.964,85;2.542,36;2.422,49;3.212,86;128,97;103,36;103,58;432,31;2,53;15,44;2,53;1,05;8,0;16,4;12,4;0;0;1;1;1;3
596;Healthcare;Pharmaceuticals;MDLA;PT Medela Potentia Tbk;09/30/2024;Dec;5.693,38;3.576,91;2.116,48;10.786,47;335,83;252,75;254,17;24,29;1,24;7,74;1,24;1,69;6,0;16,1;3,2;1;1;0;1;0;3
7;Energy;Coal Distribution;ALII;PT Ancara Logistics Indonesia Tbk;12/31/2024;Dec;2.577,89;760,29;1.817,59;920,55;338,36;299,62;289,27;18,28;4,21;26,48;4,21;0,42;11,2;15,9;31,4;0;0;1;1;1;3
30;Energy;Coal Production;DSSA;Dian Swastatika Sentosa Tbk;12/31/2024;Dec;59.716,05;28.305,86;31.410,19;48.770,60;11.478,25;8.771,88;4.995,12;648,25;11,16;70,19;11,16;0,90;8,4;15,9;10,2;0;0;1;1;1;3
474;Consumer Cyclicals;Recreational & Sports Facilities;CNMA;PT Nusantara Sejahtera Raya Tbk;03/31/2025;Dec;6.797,93;2.647,40;4.150,53;929,27;-90,39;-66,74;-69,42;7,85;2,85;18,08;2,85;0,64;9,6;15,8;70,4;0;0;1;1;1;3
401;Consumer Non-Cyclicals;Personal Care Products;VICI;PT Victoria Care Indonesia Tbk;03/31/2025;Dec;1.312,44;250,58;1.061,87;324,54;49,08;38,07;38,07;24,88;3,95;25,12;3,95;0,24;12,7;15,7;51,4;0;0;1;1;1;3
452;Consumer Cyclicals;Textiles;INOV;PT Inocycle Technology Group Tbk.;12/31/2024;Dec;1.026,37;713,30;313,07;629,02;34,87;48,33;48,33;26,73;0,54;3,48;0,54;2,28;4,7;15,4;7,7;1;1;0;1;0;3
910;Infrastructures;Wireless Telecommunication Services;SUPR;Solusi Tunas Pratama Tbk;03/31/2025;Dec;10.107,25;3.090,31;7.016,95;466,08;252,91;320,13;320,13;946,48;7,11;46,33;7,11;0,44;10,7;15,3;231,0;0;0;1;1;1;3
86;Energy;Oil, Gas & Coal Equipment & Services;UNIQ;PT Ulima Nitra Tbk;03/31/2025;Dec;693,42;243,43;449,99;135,18;8,35;5,47;5,47;21,90;2,89;18,90;2,89;0,54;9,9;15,3;50,9;0;0;1;1;1;3
578;Healthcare;Healthcare Providers;MIKA;PT Mitra Keluarga Karyasehat Tbk.;03/31/2025;Dec;8.731,06;1.068,09;7.662,98;1.272,18;416,20;332,24;310,96;84,01;4,56;29,88;4,56;0,14;13,4;15,2;91,8;0;0;1;1;1;3
404;Consumer Cyclicals;Auto Parts & Equipment;BOLT;Garuda Metalindo Tbk;03/31/2025;Dec;1.339,04;423,85;915,19;368,90;35,05;27,25;26,23;59,24;2,86;18,82;2,86;0,46;10,4;15,2;37,6;0;0;1;1;1;3
812;Technology;IT Services & Consulting;CYBR;PT ITSEC Asia Tbk.;03/31/2025;Dec;344,52;169,22;175,30;135,40;40,30;34,96;34,96;4,00;43,21;287,46;43,21;0,97;7,6;15,0;19,5;0;0;1;1;1;3
165;Basic Materials;Basic Chemicals;OKAS;Ancora Indonesia Resources Tbk;03/31/2025;Dec;3.003,76;2.025,17;978,60;608,70;87,24;62,82;21,71;61,37;0,30;2,00;0,30;2,07;4,8;14,9;23,9;1;1;0;0;1;3
939;Transportation & Logistic;Logistics & Deliveries;GTRA;PT Grahaprima Suksesmandiri Tbk;03/31/2025;Dec;1.020,15;681,84;338,31;136,42;23,53;17,91;17,90;25,47;0,67;4,71;0,67;2,02;4,7;14,3;35,4;1;1;0;0;1;3
666;Financials;Consumer Financing;WOMF;Wahana Ottomitra Multiartha Tbk;03/31/2025;Dec;6.909,26;5.033,07;1.876,18;459,54;79,80;62,96;62,96;75,56;0,64;4,58;0,64;2,68;3,8;14,0;57,2;1;1;0;0;1;3
830;Technology;Online Applications & Services;MPIX;PT Mitra Pedagang Indonesia Tbk.;12/31/2024;Dec;160,87;16,83;144,04;1.494,74;24,30;20,08;20,08;12,85;0,66;4,75;0,66;0,12;12,5;13,9;1,3;1;1;1;0;0;3
248;Industrials;Environmental & Facilities Services;HYGN;PT Ecocare Indo Pasifik Tbk.;03/31/2025;Dec;230,07;69,84;160,23;85,69;2,03;1,64;1,63;7,91;1,99;15,92;1,99;0,44;8,7;12,5;23,3;0;1;1;0;1;3
575;Healthcare;Healthcare Supplies & Distributions;IRRA;Itama Ranoraya Tbk;03/31/2025;Dec;1.940,72;1.418,00;522,72;240,44;13,49;10,44;10,44;40,64;1,25;10,09;1,25;2,71;3,4;12,4;27,0;1;1;0;0;1;3
447;Consumer Cyclicals;Clothing, Accessories & Bags;ERTX;Eratex Djaja Tbk;03/31/2025;Dec;1.342,47;877,44;465,03;560,43;23,78;20,13;20,13;43,97;0,24;2,00;0,24;1,89;4,2;12,2;10,1;1;1;0;0;1;3
302;Consumer Non-Cyclicals;Plantations & Crops;BWPT;Eagle High Plantations Tbk;03/31/2025;Dec;9.789,55;7.270,71;2.518,84;1.279,61;185,22;76,01;68,74;9,58;0,75;6,26;0,75;2,89;3,1;12,0;23,6;1;1;0;0;1;3
648;Financials;Banks;NISP;PT Bank OCBC NISP Tbk;12/31/2024;Dec;281.008,24;240.316,86;40.691,38;20.124,51;5.989,30;4.866,75;4.866,75;212,10;0,74;6,15;0,74;5,91;1,7;12,0;24,2;1;1;0;0;1;3
620;Financials;Banks;BBTN;PT Bank Tabungan Negara (Persero) Tbk;03/31/2025;Dec;468.530,71;405.914,31;33.537,42;7.766,98;1.132,18;903,71;903,71;277,43;0,44;3,80;0,44;12,10;0,8;11,6;50,1;1;1;0;0;1;3
703;Financials;Financial Holdings;PEGE;Panca Global Kapital Tbk;03/31/2025;Dec;225,84;31,41;194,43;17,40;15,57;15,89;15,89;7,91;1,78;15,43;1,78;0,16;9,9;11,5;128,8;0;1;1;0;1;3
274;Consumer Non-Cyclicals;Drug Retail & Distributors;EPMT;Enseval Putera Megatrading Tbk;12/31/2024;Dec;11.487,40;3.909,76;7.577,64;30.957,34;956,59;738,33;741,77;304,36;0,84;7,69;0,84;0,52;7,2;10,9;2,7;1;1;1;0;0;3
843;Technology;Computer Hardware;AXIO;PT Tera Data Indonusa Tbk;12/31/2024;Dec;1.041,12;524,89;516,22;1.233,33;73,51;58,26;55,86;9,57;1,28;11,81;1,28;1,02;5,4;10,8;4,5;1;1;1;0;0;3
34;Energy;Coal Distribution;FIRE;Alfa Energi Investama Tbk;12/31/2024;Dec;347,21;107,63;239,58;473,50;34,62;25,50;25,50;17,28;0,47;4,40;0,47;0,45;7,3;10,6;5,4;1;1;1;0;0;3
649;Financials;Banks;NOBU;PT Bank Nationalnobu Tbk.;03/31/2025;Dec;37.896,89;34.152,31;3.744,58;709,57;141,27;110,11;110,11;51,89;1,27;12,24;1,27;9,12;1,0;10,4;54,7;1;1;0;0;1;3
944;Transportation & Logistic;Logistics & Deliveries;KLAS;PT Pelayaran Kurnia Lautan Semesta Tbk;12/31/2024;Dec;391,78;160,71;231,06;187,79;25,85;24,12;23,83;6,54;1,69;16,36;1,69;0,70;6,1;10,3;12,7;0;1;1;0;1;3
191;Basic Materials;Cooper;TBMS;Tembaga Mulia Semanan Tbk;03/31/2025;Dec;2.322,40;1.095,48;1.226,92;3.549,43;15,04;11,80;11,80;169,17;0,53;5,23;0,53;0,89;5,4;10,1;3,5;1;1;1;0;0;3
204;Industrials;Industrial Machinery & Components;AMIN;PT Ateliers Mecaniques D Indonesie Tbk.;01/31/2025;Jan;302,51;120,61;181,90;366,85;17,89;18,25;18,25;16,89;0,85;8,46;0,85;0,66;6,0;10,0;5,0;1;1;1;0;0;3
781;Properties & Real Estate;Real Estate Development & Management;POLL;Pollux Properties Indonesia Tbk;09/30/2024;Dec;3.978,44;1.612,77;2.365,67;3.153,96;247,66;228,59;228,59;27,93;0,39;4,01;0,39;0,68;5,8;9,8;7,4;1;1;1;0;0;3
26;Energy;Coal Production;COAL;PT Black Diamond Resources Tbk;12/31/2024;Dec;807,84;446,15;361,69;486,16;44,34;33,45;33,15;5,30;0,66;7,16;0,66;1,23;4,1;9,2;6,8;1;1;1;0;0;3
760;Properties & Real Estate;Real Estate Development & Management;LCGP;Eureka Prima Jakarta Tbk;09/30/2021;Dec;1.632,53;40,03;1.592,49;1.045,85;167,30;144,27;144,28;25,92;0,40;-;0,40;0,03;8,9;9,2;14,0;0;1;1;0;1;3
842;Technology;Software;WIRG;PT WIR ASIA Tbk;12/31/2024;Dec;1.439,83;632,15;807,69;2.602,28;110,26;79,17;73,92;6,19;1,30;14,21;1,30;0,78;5,1;9,2;2,8;1;1;1;0;0;3
628;Financials;Banks;BJTM;Bank Pembangunan Daerah Jawa Timur Tbk;12/31/2024;Dec;118.142,13;88.452,77;14.600,04;7.878,74;1.682,72;1.295,82;1.295,82;86,30;0,53;6,03;0,53;6,06;1,1;8,9;16,4;1;1;0;0;1;3
411;Consumer Cyclicals;Auto Parts & Equipment;KAQI;PT Jantra Grupo Indonesia Tbk;08/31/2024;Dec;74,13;14,97;59,16;39,11;8,40;7,34;7,34;2,53;1,75;19,79;1,75;0,25;7,1;8,9;13,4;0;1;1;0;1;3
73;Energy;Oil, Gas & Coal Equipment & Services;SICO;PT Sigma Energy Compressindo Tbk;12/31/2024;Dec;150,79;25,81;124,97;111,07;14,70;11,93;11,07;12,16;0,68;7,65;0,68;0,21;7,3;8,9;10,0;1;1;1;0;0;3
627;Financials;Banks;BJBR;Bank Pembangunan Daerah Jawa Barat dan Banten Tbk;03/31/2025;Dec;223.114,44;192.987,58;20.240,75;4.601,19;606,47;506,61;398,42;164,96;0,45;5,24;0,45;9,53;0,8;8,6;37,7;1;1;0;0;1;3
406;Consumer Cyclicals;Auto Parts & Equipment;DRMA;Dharma Polimetal Tbk;03/31/2025;Dec;4.047,07;1.446,73;2.600,34;1.460,94;181,91;145,33;142,72;46,98;1,88;22,14;1,88;0,56;5,5;8,5;15,1;0;1;1;0;1;3
949;Transportation & Logistic;Logistics & Deliveries;MPXL;PT MPX Logistics International Tbk;03/31/2025;Dec;218,34;118,94;99,40;32,51;0,61;0,04;0,04;4,20;1,95;23,10;1,95;1,20;3,8;8,4;25,8;0;1;1;0;1;3
673;Financials;General Insurance;ABDA;Asuransi Bina Dana Arta Tbk;03/31/2025;Dec;2.775,01;1.199,52;1.575,49;266,35;17,52;18,61;18,61;208,41;1,34;16,31;1,34;0,76;4,7;8,2;48,6;0;1;1;0;1;3
303;Consumer Non-Cyclicals;Dairy Products;CAMP;Campina Ice Cream Industry Tbk;03/31/2025;Dec;1.116,70;177,33;939,36;274,89;4,59;4,38;4,38;12,89;1,28;15,83;1,28;0,19;6,8;8,1;27,6;0;1;1;0;1;3
764;Properties & Real Estate;Real Estate Development & Management;MDLN;Modernland Realty Tbk;03/31/2025;Dec;13.469,96;9.227,39;4.242,57;217,40;767,46;761,34;761,48;27,23;0,15;1,84;0,15;2,17;2,5;8,0;157,0;1;1;0;0;1;3
892;Infrastructures;Wireless Telecommunication Services;BALI;PT Bali Towerindo Sentra Tbk.;03/31/2025;Dec;6.180,68;3.550,72;2.629,97;306,43;53,97;49,00;49,00;49,06;1,90;25,89;1,90;1,35;3,1;7,3;63,0;0;1;1;0;1;3
208;Industrials;Building Products & Fixtures;CAKK;Cahayaputra Asa Keramik Tbk;03/31/2025;Dec;505,15;325,90;179,24;80,19;-5,43;-5,43;-5,44;10,86;0,93;12,80;0,93;1,82;2,6;7,3;16,3;1;1;0;0;1;3
419;Consumer Cyclicals;Tires;TYRE;PT King Tire Indonesia Tbk.;03/31/2025;Dec;561,91;232,11;329,80;160,34;11,00;8,60;8,31;6,85;1,56;21,59;1,56;0,70;4,2;7,2;14,9;0;1;1;0;1;3
623;Financials;Banks;BDMN;PT Bank Danamon Indonesia Tbk;03/31/2025;Dec;250.795,01;199.323,79;51.471,22;6.142,26;995,91;778,69;756,60;379,56;0,46;6,35;0,46;3,87;1,5;7,2;60,4;1;1;0;0;1;3
352;Consumer Non-Cyclicals;Plantations & Crops;OILS;Indo Oil Perkasa Tbk;12/31/2024;Dec;219,17;128,36;90,81;634,38;8,11;6,35;6,35;13,98;0,46;6,65;0,46;1,41;2,9;7,0;1,0;1;1;1;0;0;3
920;Infrastructures;Electric Utilities;PGEO;PT Pertamina Geothermal Energy Tbk;03/31/2025;Dec;50.117,45;16.321,09;33.796,36;1.681,56;748,17;519,38;519,73;56,84;1,12;16,01;1,12;0,48;4,7;7,0;140,3;0;1;1;0;1;3
519;Consumer Cyclicals;Hotels, Resorts & Cruise Lines;SWID;PT Saraswanti Indoland Development Tbk;03/31/2025;Dec;484,88;245,55;239,33;21,06;0,71;0,06;0,06;3,07;1,33;19,22;1,33;1,03;3,4;6,9;78,5;0;1;1;0;1;3
546;Consumer Cyclicals;Home Improvement Retail;DEPO;Caturkarda Depo Bangunan Tbk;03/31/2025;Dec;2.308,03;983,22;1.324,81;698,09;18,21;15,54;15,54;13,42;1,17;16,99;1,17;0,74;3,9;6,9;13,1;0;1;1;0;1;3
877;Infrastructures;Heavy Constructions & Civil Engineering;NRCA;PT Nusa Raya Cipta Tbk.;12/31/2024;Dec;2.373,12;1.168,76;1.204,36;3.372,47;82,04;81,60;81,60;32,69;0,67;9,91;0,67;0,97;3,4;6,8;2,4;1;1;1;0;0;3
104;Basic Materials;Construction Materials;BATR;PT Benteng Api Technic Tbk;03/31/2025;Dec;211,59;59,03;152,57;23,06;2,31;1,93;1,90;3,37;1,23;18,37;1,23;0,39;4,8;6,7;44,3;0;1;1;0;1;3
72;Energy;Oil & Gas Storage & Distribution;SHIP;Sillo Maritime Perdana Tbk;03/31/2025;Dec;8.196,18;4.410,41;3.785,76;781,94;125,46;102,80;72,51;92,23;1,20;18,05;1,20;1,16;3,1;6,6;32,1;0;1;1;0;1;3
535;Consumer Cyclicals;Broadcasting;SCMA;Surya Citra Media Tbk;03/31/2025;Dec;11.208,47;2.736,13;8.472,34;1.737,89;194,29;103,91;153,65;7,54;1,78;27,04;1,78;0,32;5,0;6,6;32,1;0;1;1;0;1;3
951;Transportation & Logistic;Logistics & Deliveries;PPGL;PT Prima Globalindo Logistik Tbk.;12/31/2024;Dec;258,61;113,14;145,47;211,73;19,23;12,88;9,54;12,37;0,51;7,84;0,51;0,78;3,7;6,6;4,5;1;1;1;0;0;3
83;Energy;Coal Production;TOBA;TBS Energi Utama Tbk;12/31/2024;Dec;14.443,67;7.386,80;7.056,87;7.202,12;983,85;775,34;460,10;56,64;0,47;7,10;0,47;1,05;3,2;6,6;6,4;1;1;1;0;0;3
353;Consumer Non-Cyclicals;Plantations & Crops;PGUN;PT Pradiksi Gunatama Tbk;03/31/2025;Dec;2.632,51;794,75;1.837,76;175,69;58,22;45,45;45,45;20,92;1,92;29,40;1,92;0,43;4,6;6,5;68,3;0;1;1;0;1;3
273;Consumer Non-Cyclicals;Food Retail & Distributors;DMND;Diamond Food Indonesia Tbk;03/31/2025;Dec;7.860,86;1.604,57;6.256,29;2.553,82;62,75;51,84;51,70;42,39;1,15;17,93;1,15;0,26;5,1;6,4;15,7;0;1;1;0;1;3
861;Infrastructures;Highways & Railtracks;META;Nusantara Infrastructure Tbk;03/31/2025;Dec;4.608,56;555,74;4.052,82;68,46;19,94;18,06;16,53;14,66;1,04;16,24;1,04;0,14;5,6;6,4;379,2;0;1;1;0;1;3
639;Financials;Banks;BTPN;PT Bank SMBC Indonesia Tbk;03/31/2025;Dec;240.116,87;175.218,35;55.346,08;6.742,22;812,10;633,78;509,58;332,32;0,46;7,25;0,46;3,17;1,5;6,4;52,5;1;1;0;0;1;3
663;Financials;Consumer Financing;TRUS;Trust Finance Indonesia Tbk;03/31/2025;Dec;423,17;15,00;408,17;10,91;3,48;3,16;3,16;32,56;1,05;16,43;1,05;0,04;6,2;6,4;238,8;0;1;1;0;1;3
908;Infrastructures;Wireless Telecommunication Services;MTEL;Dayamitra Telekomunikasi Tbk;03/31/2025;Dec;58.744,90;24.831,90;33.913,01;2.262,11;716,24;526,31;526,31;25,29;1,53;24,52;1,53;0,73;3,6;6,2;93,4;0;1;1;0;1;3
365;Consumer Non-Cyclicals;Plantations & Crops;SMAR;PT Sinas Mas Agro Resources and Technology Tbk;03/31/2025;Dec;46.269,76;26.208,81;20.060,94;21.158,05;184,09;134,44;134,24;429,82;0,53;8,54;0,53;1,31;2,7;6,2;5,8;1;1;1;0;0;3
463;Consumer Cyclicals;Clothing, Accessories & Bags;TRIS;Trisula International Tbk;12/31/2024;Dec;1.259,35;488,76;770,58;1.518,06;110,03;82,90;46,77;14,89;0,65;10,75;0,65;0,63;3,7;6,1;3,1;1;1;1;0;0;3
426;Consumer Cyclicals;Housewares & Specialties;LIVE;PT Homeco Victoria Makmur Tbk;03/31/2025;Dec;532,69;198,88;333,82;67,01;5,94;4,28;4,28;4,40;1,93;31,84;1,93;0,60;3,8;6,0;30,1;0;1;1;0;1;3
643;Financials;Banks;INPC;Bank Artha Graha Internasional Tbk;03/31/2025;Dec;30.301,54;25.939,65;4.361,90;419,62;23,24;18,66;18,66;12,52;0,83;14,38;0,83;5,95;0,8;5,8;60,3;1;1;0;0;1;3
690;Financials;General Insurance;VINS;Victoria Insurance Tbk;03/31/2025;Dec;265,59;115,79;149,80;42,52;2,84;2,84;2,84;5,94;1,13;19,53;1,13;0,77;3,3;5,8;20,4;0;1;1;0;1;3
936;Transportation & Logistic;Logistics & Deliveries;BLTA;Berlian Laju Tanker Tbk;12/31/2024;Dec;2.442,14;1.390,14;1.051,99;657,10;65,53;57,57;57,57;2,22;0,49;9,01;0,49;1,32;2,4;5,5;8,8;1;1;1;0;0;3
153;Basic Materials;Basic Chemicals;LTLS;Lautan Luas Tbk;03/31/2025;Dec;6.316,44;3.123,17;3.193,28;2.119,36;63,39;49,42;39,07;110,19;0,45;8,35;0,45;0,98;2,7;5,4;8,1;1;1;1;0;0;3
405;Consumer Cyclicals;Tires;BRAM;Indo Kordsa Tbk;12/31/2024;Dec;4.731,04;1.078,39;3.652,65;3.731,82;325,47;230,29;193,40;429,73;0,73;13,73;0,73;0,30;4,1;5,3;5,2;1;1;1;0;0;3
422;Consumer Cyclicals;Home Furnishings;CINT;Chitose Internasional Tbk;12/31/2024;Dec;428,62;125,46;303,16;461,78;22,92;18,06;15,80;15,80;0,60;11,58;0,60;0,41;3,7;5,2;3,4;1;1;1;0;0;3
184;Basic Materials;Construction Materials;SOLA;PT Xolare RCR Energy Tbk;03/31/2025;Dec;184,74;34,82;149,92;14,95;0,11;0,11;0,11;2,32;1,45;28,41;1,45;0,23;4,1;5,1;51,0;0;1;1;0;1;3
610;Financials;Banks;BABP;PT Bank MNC Internasional Tbk.;03/31/2025;Dec;20.756,66;17.073,50;3.683,16;417,02;24,70;19,90;19,90;4,21;0,65;12,83;0,65;4,64;0,9;5,1;44,9;1;1;0;0;1;3
917;Infrastructures;Electric Utilities;HGII;PT Hero Global Investment Tbk;03/31/2025;Dec;963,31;221,14;742,17;20,81;8,94;6,88;6,89;5,74;1,57;31,19;1,57;0,30;3,9;5,0;179,3;0;1;1;0;1;3
625;Financials;Banks;BGTG;PT Bank Ganesha Tbk.;03/31/2025;Dec;9.822,52;6.318,71;3.503,81;201,45;68,96;53,79;53,79;7,22;0,60;12,05;0,60;1,80;1,8;4,9;85,9;1;1;0;0;1;3
328;Consumer Non-Cyclicals;Plantations & Crops;GZCO;Gozco Plantations Tbk;12/31/2024;Dec;2.321,24;1.089,26;1.231,98;804,65;80,97;62,41;60,54;10,09;0,47;9,51;0,47;0,88;2,6;4,9;7,5;1;1;1;0;0;3
15;Energy;Oil, Gas & Coal Equipment & Services;BOAT;PT Newport Marine Services Tbk;12/31/2024;Dec;585,88;198,55;387,32;185,16;21,52;18,98;18,98;5,42;1,06;21,59;1,06;0,51;3,2;4,9;10,2;0;1;1;0;1;3
650;Financials;Banks;PNBN;Bank Pan Indonesia Tbk;03/31/2025;Dec;228.875,44;160.515,57;57.015,42;3.949,91;961,08;749,45;731,50;115,56;0,68;13,93;0,68;2,82;1,2;4,9;70,4;1;1;0;0;1;3
766;Properties & Real Estate;Real Estate Development & Management;MMLP;Mega Manunggal Property Tbk;03/31/2025;Dec;6.602,36;1.785,77;4.816,58;86,25;23,46;22,91;20,67;33,80;0,74;15,24;0,74;0,37;3,5;4,8;270,0;0;1;1;0;1;3
467;Consumer Cyclicals;Restaurants;BAIK;PT Bersama Mencapai Puncak Tbk.;12/31/2024;Dec;140,84;12,98;127,87;202,12;7,97;6,06;6,17;5,49;0,63;13,12;0,63;0,10;4,4;4,8;3,1;1;1;1;0;0;3
440;Consumer Cyclicals;Textiles;ACRO;PT Samcro Hyosung Adilestari Tbk.;12/31/2024;Dec;244,22;52,11;192,11;43,72;11,92;9,11;9,11;2,63;1,07;22,46;1,07;0,27;3,7;4,7;20,8;0;1;1;0;1;3
634;Financials;Banks;BNII;PT Bank Maybank Indonesia Tbk;03/31/2025;Dec;189.809,63;158.282,10;31.527,53;3.442,37;506,31;396,05;376,25;19,61;0,50;10,51;0,50;5,02;0,8;4,7;43,4;1;1;0;0;1;3
872;Infrastructures;Heavy Constructions & Civil Engineering;KOKA;PT Koka Indonesia Tbk.;12/31/2024;Dec;217,95;38,05;179,90;66,73;10,28;8,51;8,51;2,97;1,34;28,25;1,34;0,21;3,9;4,7;12,8;0;1;1;0;1;3
430;Consumer Cyclicals;Housewares & Specialties;MICE;Multi Indocitra Tbk;12/31/2024;Dec;1.418,64;491,01;927,63;1.117,59;57,06;42,13;42,13;70,21;0,32;7,01;0,32;0,53;3,0;4,5;3,8;1;1;1;0;0;3
185;Basic Materials;Containers & Packaging;SPMA;Suparma Tbk;12/31/2024;Dec;3.392,69;1.008,01;2.384,68;2.729,64;134,44;104,84;104,84;33,24;0,35;8,00;0,35;0,42;3,1;4,4;3,8;1;1;1;0;0;3
432;Consumer Cyclicals;Household Appliances;SCNP;Selaras Citra Nusantara Perkasa Tbk;03/31/2025;Dec;421,28;49,73;371,55;56,43;7,33;7,33;7,33;6,48;1,06;24,38;1,06;0,13;3,8;4,4;28,7;0;1;1;0;1;3
646;Financials;Banks;MCOR;PT Bank China Construction Bank Indonesia Tbk;03/31/2025;Dec;34.245,53;27.311,25;6.934,29;586,24;100,69;78,54;78,54;7,92;0,37;8,58;0,37;3,94;0,9;4,3;51,2;1;1;0;0;1;3
607;Financials;Banks;AGRS;PT Bank IBK Indonesia Tbk.;03/31/2025;Dec;21.543,48;15.894,64;5.648,84;364,95;66,38;54,58;54,58;5,09;0,57;13,17;0,57;2,81;1,1;4,3;66,7;1;1;0;0;1;3
804;Properties & Real Estate;Real Estate Development & Management;VAST;PT Vastland Indonesia Tbk;03/31/2025;Dec;506,58;123,87;382,71;9,43;3,16;3,15;3,15;5,26;0,91;21,67;0,91;0,32;3,2;4,2;170,4;0;1;1;0;1;3
586;Healthcare;Healthcare Providers;RSGK;Kedoya Adyaraya Tbk;03/31/2025;Dec;895,74;89,01;806,73;106,95;10,43;8,24;8,26;34,99;1,13;28,01;1,13;0,11;3,6;4,0;30,4;0;1;1;0;1;3
318;Consumer Non-Cyclicals;Fish, Meat, & Poultry;ENZO;Morenzo Abadi Perkasa Tbk;12/31/2024;Dec;397,97;230,67;167,30;532,25;8,13;6,71;6,69;3,10;0,49;12,28;0,49;1,38;1,7;4,0;1,3;1;1;1;0;0;3
652;Financials;Banks;SDRA;PT Bank Woori Saudara Indonesia 1906 Tbk;03/31/2025;Dec;57.915,98;44.087,32;13.828,66;1.006,28;204,11;154,33;154,33;35,35;0,38;10,19;0,38;3,19;0,9;3,8;51,6;1;1;0;0;1;3
656;Financials;Consumer Financing;BPFI;Batavia Prosperindo Finance Tbk;03/31/2025;Dec;2.129,70;985,74;1.143,96;77,30;25,94;21,00;21,00;15,58;1,01;27,86;1,01;0,86;2,0;3,6;53,9;0;1;1;0;1;3
683;Financials;Life Insurance;LIFE;Asuransi Jiwa Sinarmas MSIG Tbk;03/31/2025;Dec;14.646,72;6.973,11;7.674,91;913,55;30,36;12,54;12,54;131,88;1,64;45,50;1,64;0,91;1,9;3,6;30,3;0;1;1;0;1;3
670;Financials;Investment Banking & Brokerage Services;RELI;Reliance Sekuritas Indonesia Tbk;12/31/2024;Dec;733,13;123,91;609,22;23,31;20,74;21,30;21,31;11,84;1,37;39,02;1,37;0,20;2,9;3,5;91,4;0;1;1;0;1;3
918;Infrastructures;Electric Utilities;KEEN;Kencana Energi Lestari Tbk;03/31/2025;Dec;5.873,97;2.601,43;3.272,55;163,44;94,26;75,82;64,85;30,99;0,94;27,11;0,94;0,79;1,9;3,5;69,5;0;1;1;0;1;3
477;Consumer Cyclicals;Restaurants;DUCK;Jaya Bersama Indo Tbk;09/30/2020;Dec;1.344,58;421,65;922,93;107,36;11,70;9,99;9,99;23,81;0,24;-;0,24;0,46;2,3;3,3;28,5;0;1;1;0;1;3
187;Basic Materials;Basic Chemicals;SRSN;Indo Acidatama Tbk;12/31/2024;Dec;1.135,43;396,87;738,56;1.153,79;29,56;22,50;22,50;3,74;0,41;13,38;0,41;0,54;2,0;3,0;2,0;1;1;1;0;0;3
40;Energy;Coal Production;HRUM;Harum Energy Tbk;12/31/2024;Dec;41.607,13;12.797,65;28.809,48;20.936,02;1.860,22;1.255,06;873,79;64,64;0,36;11,84;0,36;0,44;2,1;3,0;4,2;1;1;1;0;0;3
864;Infrastructures;Heavy Constructions & Civil Engineering;ADHI;PT Adhi Karya (Persero) Tbk.;03/31/2025;Dec;34.498,31;24.816,40;9.681,91;1.684,28;9,25;6,72;0,32;33,26;0,25;8,78;0,25;2,56;0,8;2,9;16,6;1;1;0;0;1;3
20;Energy;Coal Production;BUMI;Bumi Resources Tbk;03/31/2025;Dec;67.250,20;19.315,88;47.934,31;5.777,85;462,04;498,11;295,97;3,72;0,83;28,73;0,83;0,40;2,1;2,9;23,9;0;1;1;0;1;3
885;Infrastructures;Heavy Constructions & Civil Engineering;SSIA;PT Surya Semesta Internusa Tbk;03/31/2025;Dec;10.746,25;2.758,79;7.987,46;1.068,25;6,18;9,38;-21,70;48,33;0,50;17,48;0,50;0,35;2,1;2,8;21,3;0;1;1;0;1;3
409;Consumer Cyclicals;Auto Parts & Equipment;INDS;Indospring Tbk;03/31/2025;Dec;4.306,65;756,45;3.550,21;774,24;34,46;25,47;20,24;15,14;0,42;15,06;0,42;0,21;2,3;2,8;12,8;0;1;1;0;1;3
669;Financials;Investment Banking & Brokerage Services;PANS;Panin Sekuritas Tbk;03/31/2025;Dec;2.137,82;601,27;1.536,54;42,25;-12,57;-18,79;-17,52;57,39;0,71;26,31;0,71;0,39;1,9;2,7;97,8;0;1;1;0;1;3
138;Basic Materials;Diversified Metals & Minerals;INCO;Vale Indonesia Tbk;03/31/2025;Dec;52.718,94;7.053,57;45.665,37;3.421,29;519,01;361,06;361,06;110,77;0,57;22,48;0,57;0,15;2,2;2,6;34,1;0;1;1;0;1;3
688;Financials;Life Insurance;PNLF;Panin Financial Tbk;12/31/2024;Dec;257.058,62;180.253,81;65.117,80;13.913,61;4.255,49;3.457,45;1.664,15;51,97;0,19;7,43;0,19;2,77;0,6;2,6;12,0;1;1;0;0;1;3
881;Infrastructures;Heavy Constructions & Civil Engineering;PTPP;PP (Persero) Tbk;03/31/2025;Dec;56.493,62;41.145,04;15.348,58;3.507,82;168,73;72,07;59,39;61,36;0,16;6,65;0,16;2,68;0,7;2,5;10,8;1;1;0;0;1;3
163;Basic Materials;Agricultural Chemicals;NPGF;Nusa Palapa Gemilang Tbk;03/31/2025;Dec;333,85;97,31;236,54;40,63;1,09;0,90;0,90;1,80;0,38;15,55;0,38;0,41;1,7;2,5;14,4;0;1;1;0;1;3
780;Properties & Real Estate;Real Estate Development & Management;POLI;Pollux Hotels Group Tbk;03/31/2025;Dec;4.368,69;2.310,05;2.058,64;132,34;26,21;21,70;21,89;24,16;0,73;31,04;0,73;1,12;1,1;2,4;36,7;0;1;1;0;1;3
496;Consumer Cyclicals;Hotels, Resorts & Cruise Lines;KPIG;MNC Land Tbk;12/31/2024;Dec;35.827,50;7.312,39;28.515,11;1.770,14;690,73;678,95;658,63;6,75;0,42;18,37;0,42;0,26;1,8;2,3;37,2;0;1;1;0;1;3
651;Financials;Banks;PNBS;PT Bank Panin Dubai Syariah Tbk.;03/31/2025;Dec;17.783,67;2.265,36;2.873,86;92,13;13,05;13,05;13,05;1,70;0,69;29,95;0,69;0,79;0,4;2,3;71,7;0;1;1;0;1;3
805;Properties & Real Estate;Real Estate Development & Management;WINR;PT Winner Nusantara Jaya Tbk;12/31/2024;Dec;470,54;103,91;366,62;31,50;8,45;7,68;7,91;1,51;0,33;15,23;0,33;0,28;1,7;2,2;25,1;0;1;1;0;1;3
70;Energy;Oil, Gas & Coal Equipment & Services;RUIS;Radiant Utama Interinsco Tbk;03/31/2025;Dec;1.372,19;811,82;560,37;440,03;6,83;4,03;4,03;15,68;0,23;10,59;0,23;1,45;0,9;2,2;2,7;1;1;1;0;0;3
907;Infrastructures;Wired Telecommunication Service;MORA;PT Mora Telematika Indonesia Tbk;03/31/2025;Dec;14.393,37;6.885,64;7.507,73;895,45;146,81;111,04;104,60;6,38;1,36;67,69;1,36;0,92;1,0;2,0;16,9;0;1;1;0;1;3
484;Consumer Cyclicals;Hotels, Resorts & Cruise Lines;GRPH;PT Griptha Putra Persada Tbk.;03/31/2025;Dec;93,97;19,35;74,62;7,34;0,43;0,32;0,32;1,39;0,67;36,05;0,67;0,26;1,5;1,9;18,9;0;1;1;0;1;3
521;Consumer Cyclicals;Advertising;BMTR;PT Global Mediacom Tbk;12/31/2024;Dec;36.243,77;7.164,26;29.079,51;10.059,32;1.040,60;917,22;537,40;32,40;0,08;4,38;0,08;0,25;1,5;1,8;5,3;1;1;1;0;0;3
200;Basic Materials;Construction Materials;WTON;Wijaya Karya Beton Tbk;12/31/2024;Dec;7.194,69;3.507,92;3.686,77;4.896,02;87,48;64,20;65,00;7,46;0,21;11,66;0,21;0,95;0,9;1,8;1,3;1;1;1;0;0;3
952;Transportation & Logistic;Logistics & Deliveries;PURA;PT Putra Rajawali Kencana Tbk.;03/31/2025;Dec;624,85;118,03;506,81;95,17;3,45;2,79;2,79;1,03;0,16;12,65;0,16;0,23;1,0;1,3;6,8;1;1;1;0;0;3
492;Consumer Cyclicals;Hotels, Resorts & Cruise Lines;JIHD;Jakarta International Hotels & Development Tbk;03/31/2025;Dec;6.720,55;1.858,14;4.862,41;391,07;52,68;45,40;4,55;21,73;0,38;36,58;0,38;0,38;0,8;1,0;12,9;0;1;1;0;1;3
146;Basic Materials;Timber;KAYU;Darmi Bersaudara Tbk;12/31/2023;Dec;98,97;17,84;81,13;6,74;1,08;0,81;0,81;1,21;0,15;-;0,15;0,22;0,8;1,0;12,0;0;1;1;0;1;3
731;Properties & Real Estate;Real Estate Development & Management;CITY;Natura City Developments Tbk;03/31/2025;Dec;1.048,74;178,53;870,21;38,97;3,54;3,52;3,53;1,40;0,59;68,01;0,59;0,21;0,7;0,9;19,4;0;1;1;0;1;3
483;Consumer Cyclicals;Recreational & Sports Facilities;GOLF;PT Intra GolfLink Resorts Tbk;12/31/2024;Dec;8.637,50;656,71;7.980,79;197,99;78,03;67,58;67,57;3,47;0,54;64,02;0,54;0,08;0,8;0,8;34,1;0;1;1;0;1;3
45;Energy;Oil, Gas & Coal Equipment & Services;ITMA;SUMBER ENERGI ANDALAN Tbk;12/31/2024;Dec;4.056,13;594,73;3.461,41;15,97;30,22;30,22;28,36;28,38;0,26;31,71;0,26;0,17;0,7;0,8;177,5;0;1;1;0;1;3
759;Properties & Real Estate;Real Estate Development & Management;LAND;Trimitra Propertindo Tbk;03/31/2025;Dec;729,76;272,63;457,13;11,28;0,30;0,14;0,14;1,14;0,11;15,74;0,11;0,60;0,4;0,7;28,3;0;1;1;0;1;3
722;Properties & Real Estate;Real Estate Development & Management;BEST;Bekasi Fajar Industrial Estate Tbk;03/31/2025;Dec;5.741,75;1.348,72;4.393,03;45,46;-32,42;-33,17;-33,16;3,08;0,20;30,21;0,20;0,31;0,5;0,7;65,3;0;1;1;0;1;3
773;Properties & Real Estate;Real Estate Development & Management;NASA;Andalan Perkasa Abadi Tbk;03/31/2025;Dec;1.118,58;31,59;1.086,99;2,70;1,27;1,27;1,27;0,65;0,15;23,15;0,15;0,03;0,6;0,7;264,0;0;1;1;0;1;3
793;Properties & Real Estate;Real Estate Development & Management;ROCK;Rockfields Properti Indonesia Tbk;03/31/2025;Dec;955,09;150,48;804,62;29,99;7,48;4,89;4,89;3,48;0,60;96,11;0,60;0,19;0,5;0,6;16,6;0;1;1;0;1;3
771;Properties & Real Estate;Real Estate Development & Management;MYRX;Hanson International Tbk;09/30/2019;Dec;12.904,25;4.401,98;8.502,27;217,05;135,50;133,06;133,06;0,55;0,51;-;0,51;0,52;0,4;0,6;22,0;0;1;1;0;1;3
266;Industrials;Multi-sector Holdings;BHIT;PT MNC Investama Tbk.;12/31/2024;Dec;75.238,12;32.343,47;42.894,65;15.226,31;1.244,40;949,00;193,63;2,25;0,06;12,89;0,06;0,75;0,3;0,5;1,3;1;1;1;0;0;3
828;Technology;Online Applications & Services;MCAS;M Cash Integrasi Tbk;12/31/2024;Dec;1.891,58;762,63;1.128,96;7.143,64;-34,46;-35,26;-0,02;-0,02;1,17;-84.887,61;1,17;0,68;0,0;0,0;0,0;1;1;1;0;0;3
504;Consumer Cyclicals;Hotels, Resorts & Cruise Lines;NATO;Surya Permata Andalan Tbk;03/31/2025;Dec;803,14;4,07;799,07;3,61;-2,28;-2,28;-2,28;-0,06;1,51;-2.364,97;1,51;0,01;-0,1;-0,1;-14,2;1;1;1;0;0;3
823;Technology;Software;IRSX;PT Aviana Sinar Abadi Tbk;03/31/2025;Dec;166,38;3,43;162,95;51,21;-0,63;-0,63;-0,63;-0,05;0,83;-579,30;0,83;0,02;-0,1;-0,1;-0,5;1;1;1;0;0;3
799;Properties & Real Estate;Real Estate Development & Management;TARA;Agung Semesta Sejahtera Tbk;03/31/2025;Dec;1.074,77;20,55;1.054,21;0,90;-0,83;-0,85;-0,86;-0,23;0,09;-39,68;0,09;0,02;-0,2;-0,2;-253,3;1;1;1;0;0;3
62;Energy;Coal Distribution;PTIS;Indo Straits Tbk;03/31/2025;Dec;537,32;192,26;345,06;47,93;0,17;0,17;0,08;-1,85;0,48;-164,04;0,48;0,56;-0,2;-0,3;-2,1;1;1;1;0;0;3
826;Technology;Online Applications & Services;KREN;Kresna Graha Investama Tbk;12/31/2024;Dec;2.779,81;773,10;2.006,72;7.127,15;-67,99;-68,35;-33,15;-0,43;0,08;-21,10;0,08;0,39;-0,3;-0,4;-0,1;1;1;1;0;0;3
708;Financials;Investment Companies;SRTG;PT Saratoga Investama Sedaya Tbk.;03/31/2025;Dec;50.452,08;4.741,10;45.710,98;90,30;-6.884,27;-6.075,79;-6.076,02;-15,36;0,45;-99,61;0,45;0,10;-0,4;-0,5;-230,7;1;1;1;0;0;3
768;Properties & Real Estate;Real Estate Development & Management;MSIE;PT Multisarana Intan Eduka Tbk;03/31/2025;Dec;129,12;16,66;112,47;1,67;-0,26;-0,26;-0,26;-0,35;0,23;-50,83;0,23;0,15;-0,4;-0,5;-30,9;1;1;1;0;0;3
795;Properties & Real Estate;Real Estate Development & Management;SAGE;PT Saptausaha Gemilangindah Tbk;03/31/2025;Dec;326,68;39,80;286,88;1,84;-1,09;-1,15;-1,14;-0,17;0,42;-90,15;0,42;0,14;-0,4;-0,5;-72,7;1;1;1;0;0;3
480;Consumer Cyclicals;Hotels, Resorts & Cruise Lines;ESTA;Esta Multi Usaha Tbk;12/31/2024;Dec;330,92;141,31;189,61;51,13;-0,92;-0,96;-0,96;-0,40;0,86;-169,47;0,86;0,75;-0,3;-0,5;-1,9;1;1;1;0;0;3
561;Consumer Cyclicals;Electronics Retail;SLIS;Gaya Abadi Sempurna Tbk;03/31/2025;Dec;426,41;75,37;351,04;47,53;0,91;0,66;0,66;-0,73;0,35;-68,51;0,35;0,21;-0,4;-0,5;-3,8;1;1;1;0;0;3
954;Transportation & Logistic;Logistics & Deliveries;SAPX;PT Satria Antaran Prima Tbk.;03/31/2025;Dec;396,41;195,94;200,47;138,16;0,10;0,10;0,10;-1,43;1,50;-253,28;1,50;0,98;-0,3;-0,6;-0,9;1;1;1;0;0;3
429;Consumer Cyclicals;Home Furnishings;MGLV;Panca Anugrah Wisesa Tbk;06/30/2024;Dec;260,84;117,71;143,13;37,08;-4,43;-4,33;-5,22;-0,56;1,70;-229,99;1,70;0,82;-0,4;-0,7;-2,9;1;1;1;0;0;3
784;Properties & Real Estate;Real Estate Development & Management;PUDP;Pudjiadi Prestige Tbk;03/31/2025;Dec;524,10;19,04;505,06;7,73;-4,30;-4,51;-4,51;-5,77;0,28;-37,43;0,28;0,04;-0,7;-0,8;-49,2;1;1;1;0;0;3
909;Infrastructures;Wireless Telecommunication Services;OASA;PT Protech Mitra Perkasa Tbk;09/30/2024;Dec;791,07;124,29;666,78;1.856,91;-10,34;-8,92;-8,64;-0,92;1,37;-156,39;1,37;0,19;-0,7;-0,9;-0,3;1;1;1;0;0;3
510;Consumer Cyclicals;Hotels, Resorts & Cruise Lines;PLAN;Planet Properindo Jaya Tbk;12/31/2024;Dec;86,51;27,18;59,33;14,53;-0,62;-0,62;-0,62;-0,69;0,60;-58,29;0,60;0,46;-0,7;-1,0;-4,2;1;1;1;0;0;3
590;Healthcare;Healthcare Supplies & Distributions;SURI;PT Maja Agung Latexindo Tbk.;03/31/2025;Dec;397,37;53,78;343,59;34,06;0,55;0,42;0,42;-0,57;0,92;-88,40;0,92;0,16;-0,9;-1,0;-10,5;1;1;1;0;0;3
874;Infrastructures;Heavy Constructions & Civil Engineering;MANG;PT Manggung Polahraya Tbk;03/31/2025;Dec;185,86;39,25;146,61;10,21;-3,06;-2,99;-2,99;-0,48;0,83;-67,09;0,83;0,27;-1,0;-1,2;-17,8;1;1;1;0;0;3
567;Consumer Cyclicals;Consumer Distributors;YELO;PT Yelooo Integra Datanet Tbk.;03/31/2025;Dec;298,68;9,31;289,37;23,69;-0,71;-0,59;-0,59;-2,00;0,14;-10,51;0,14;0,03;-1,3;-1,3;-16,1;1;1;1;0;0;3
514;Consumer Cyclicals;Restaurants;PZZA;Sarimelati Kencana Tbk;03/31/2025;Dec;2.117,44;1.098,44;1.019,00;707,10;0,62;0,42;0,42;-4,55;0,47;-34,96;0,47;1,08;-0,6;-1,3;-1,9;1;1;1;0;0;3
549;Consumer Cyclicals;Electronics Retail;ERAL;PT Sinar Eka Selaras Tbk;03/31/2025;Dec;2.554,04;879,35;1.674,69;1.371,14;56,35;41,91;41,83;-4,62;0,87;-61,03;0,87;0,53;-0,9;-1,4;-1,7;1;1;1;0;0;3
517;Consumer Cyclicals;Hotels, Resorts & Cruise Lines;SNLK;Sunter Lakeside Hotel Tbk;03/31/2025;Dec;206,02;41,15;164,87;9,05;-3,20;-3,20;-3,20;-5,47;1,65;-110,70;1,65;0,25;-1,2;-1,5;-27,2;1;1;1;0;0;3
495;Consumer Cyclicals;Hotels, Resorts & Cruise Lines;KOTA;DMS Propertindo Tbk;12/31/2024;Dec;1.504,79;309,09;1.195,69;29,38;-19,51;-18,07;-18,07;-1,71;0,07;-4,67;0,07;0,26;-1,2;-1,5;-61,5;1;1;1;0;0;3
775;Properties & Real Estate;Real Estate Development & Management;NZIA;Nusantara Almazia Tbk;03/31/2025;Dec;579,08;86,84;492,24;17,37;-3,19;-3,40;-3,37;-3,57;0,29;-17,90;0,29;0,18;-1,4;-1,6;-45,2;1;1;1;0;0;3
512;Consumer Cyclicals;Hotels, Resorts & Cruise Lines;PSKT;Red Planet Indonesia Tbk;03/31/2025;Dec;387,19;56,85;330,34;11,45;-3,01;-2,95;-2,95;-0,56;1,03;-59,28;1,03;0,17;-1,5;-1,7;-50,3;1;1;1;0;0;3
155;Basic Materials;Diversified Metals & Minerals;MDKA;Merdeka Copper Gold Tbk.;12/31/2024;Dec;84.636,19;37.501,40;47.134,79;36.184,98;350,09;158,40;-901,17;-36,82;0,87;-45,35;0,87;0,80;-1,1;-1,9;-2,5;1;1;1;0;0;3
584;Healthcare;Healthcare Providers;PRIM;PT Royal Prima Tbk.;12/31/2024;Dec;1.084,56;122,17;962,38;299,36;-19,30;-18,43;-18,41;-5,42;0,20;-10,69;0,20;0,13;-1,7;-1,9;-6,1;1;1;1;0;0;3
839;Technology;Online Applications & Services;UVCR;Trimegah Karya Pratama Tbk;03/31/2025;Dec;213,98;117,06;96,93;228,75;-1,14;-1,14;-1,14;-0,95;1,26;-63,91;1,26;1,21;-0,9;-2,0;-0,8;1;1;1;0;0;3
491;Consumer Cyclicals;Hotels, Resorts & Cruise Lines;JGLE;Graha Andrasentra Propertindo Tbk;03/31/2025;Dec;1.523,25;430,28;1.092,97;27,98;-19,28;-19,28;-19,28;-0,96;0,17;-8,31;0,17;0,39;-1,4;-2,0;-77,7;1;1;1;0;0;3
95;Basic Materials;Aluminum;ALKA;Alakasa Industrindo Tbk;12/31/2024;Dec;224,25;12,33;211,91;78,89;-3,12;-4,38;-4,33;-8,53;0,78;-38,21;0,78;0,06;-1,9;-2,0;-5,5;1;1;1;0;0;3
109;Basic Materials;Containers & Packaging;BRNA;Berlina Tbk;03/31/2025;Dec;2.270,51;1.264,69;1.005,82;276,12;9,75;11,27;8,59;-22,33;0,68;-31,13;0,68;1,26;-1,0;-2,2;-7,9;1;1;1;0;0;3
394;Consumer Non-Cyclicals;Personal Care Products;MBTO;Martina Berto Tbk;03/31/2025;Dec;670,08;308,58;361,50;91,24;-5,39;-5,92;-5,92;-7,56;0,23;-10,44;0,23;0,85;-1,2;-2,2;-8,9;1;1;1;0;0;3
958;Transportation & Logistic;Logistics & Deliveries;TNCA;PT Trimuda Nuansa Citra Tbk.;03/31/2025;Dec;52,86;9,35;43,50;17,88;-0,26;-0,32;-0,32;-2,33;1,62;-71,77;1,62;0,22;-1,9;-2,3;-5,5;1;1;1;0;0;3
919;Infrastructures;Electric Utilities;MPOW;Megapower Makmur Tbk;03/31/2025;Dec;161,92;46,37;115,56;7,97;-2,08;-1,69;-1,69;-3,84;0,69;-25,28;0,69;0,40;-1,9;-2,7;-39,3;1;1;1;0;0;3
94;Basic Materials;Containers & Packaging;ALDO;Alkindo Naratama Tbk;03/31/2025;Dec;2.070,92;1.036,75;1.034,17;482,24;-8,56;7,25;7,21;-10,93;1,28;-45,02;1,28;1,00;-1,4;-2,9;-6,1;1;1;1;0;0;3
516;Consumer Cyclicals;Hotels, Resorts & Cruise Lines;SHID;Hotel Sahid Jaya International Tbk;03/31/2025;Dec;1.227,15;497,16;729,98;22,79;-17,30;-16,94;-16,94;-18,87;1,17;-40,27;1,17;0,68;-1,7;-2,9;-92,7;1;1;1;0;0;3
794;Properties & Real Estate;Real Estate Development & Management;RODA;Pikko Land Development Tbk;03/31/2025;Dec;3.351,30;1.245,20;2.106,10;12,16;-12,75;-11,87;-11,56;-4,63;0,26;-8,65;0,26;0,59;-1,9;-3,0;-517,1;1;1;1;0;0;3
932;Transportation & Logistic;Road Transportation;TAXI;Express Transindo Utama Tbk;12/31/2024;Dec;58,92;3,66;55,27;3,90;-1,78;-1,78;-1,77;-0,17;1,29;-40,32;1,29;0,07;-3,0;-3,2;-45,5;1;1;1;0;0;3
724;Properties & Real Estate;Real Estate Development & Management;BIPP;Bhuwanatala Indah Permai Tbk;03/31/2025;Dec;1.837,30;830,93;1.006,36;63,27;-2,61;-5,23;-4,56;-6,56;0,16;-5,03;0,16;0,83;-1,8;-3,3;-52,2;1;1;1;0;0;3
527;Consumer Cyclicals;Cable & Satellite;IPTV;MNC Vision Networks Tbk;03/31/2025;Dec;8.687,63;1.258,46;7.429,16;398,10;-66,93;-54,21;-45,86;-6,16;0,13;-3,74;0,13;0,17;-3,0;-3,5;-65,3;1;1;1;0;0;3
149;Basic Materials;Basic Chemicals;KKES;PT Kusuma Kemindo Sentosa Tbk;03/31/2025;Dec;146,89;83,29;63,60;47,73;-1,80;-1,42;-1,42;-1,62;0,54;-14,23;0,54;1,31;-1,7;-3,8;-5,1;1;1;1;0;0;3
398;Consumer Non-Cyclicals;Personal Care Products;TCID;Mandom Indonesia Tbk;03/31/2025;Dec;2.289,04;467,33;1.821,71;551,25;39,05;30,23;30,23;-184,99;0,50;-12,16;0,50;0,26;-3,2;-4,1;-13,5;1;1;1;0;0;3
776;Properties & Real Estate;Real Estate Development & Management;OMRE;Indonesia Prima Property Tbk;03/31/2025;Dec;4.023,69;589,08;3.434,61;9,27;-36,23;-36,23;-36,04;-49,87;0,39;-9,10;0,39;0,17;-3,7;-4,3;-1584,4;1;1;1;0;0;3
216;Industrials;Electrical Components & Equipment;IKBI;Sumi Indo Kabel Tbk;12/31/2024;Mar;1.880,02;635,96;1.244,06;3.250,47;70,10;55,39;55,39;-44,75;0,35;-8,00;0,35;0,51;-2,9;-4,4;-1,7;1;1;1;0;0;3
831;Technology;Online Applications & Services;NFCX;NFC Indonesia Tbk;03/31/2025;Dec;1.462,89;712,80;750,08;1.094,81;1,09;-3,66;-2,76;-51,90;1,39;-30,16;1,39;0,95;-2,4;-4,6;-3,2;1;1;1;0;0;3
833;Technology;Software;RUNS;Global Sukses Solusi Tbk;12/31/2024;Dec;89,71;23,08;66,64;21,07;-2,79;-2,15;-3,19;-3,25;0,74;-15,39;0,74;0,35;-3,6;-4,8;-15,2;1;1;1;0;0;3
930;Transportation & Logistic;Road Transportation;LRNA;PT Eka Sari Lorena Transport Tbk.;03/31/2025;Dec;326,25;43,34;282,91;16,50;-6,96;-6,96;-6,96;-40,64;0,17;-3,47;0,17;0,15;-4,4;-5,0;-86,2;1;1;1;0;0;3
222;Industrials;Building Products & Fixtures;KIAS;Keramika Indonesia Assosiasi Tbk;03/31/2025;Dec;975,70;195,66;780,04;143,62;-15,48;-15,48;-15,35;-2,66;0,33;-6,39;0,33;0,25;-4,1;-5,1;-27,7;1;1;1;0;0;3
542;Consumer Cyclicals;Home Improvement Retail;BAUT;Mitra Angkasa Sejahtera Tbk;03/31/2025;Dec;226,82;49,94;176,88;30,96;-6,77;-6,77;-6,75;-1,93;0,46;-8,82;0,46;0,28;-4,1;-5,2;-29,9;1;1;1;0;0;3
716;Properties & Real Estate;Real Estate Development & Management;ASRI;Alam Sutera Realty Tbk;03/31/2025;Dec;22.053,03;10.684,94;11.368,09;567,33;35,29;32,19;31,93;-30,48;0,22;-4,20;0,22;0,94;-2,7;-5,3;-105,6;1;1;1;0;0;3
451;Consumer Cyclicals;Textiles;INDR;Indorama Synthetics Tbk;03/31/2025;Dec;12.523,61;6.003,94;6.519,67;3.153,08;-79,67;-59,46;-59,45;-537,37;0,23;-4,30;0,23;0,92;-2,8;-5,4;-11,2;1;1;1;0;0;3
947;Transportation & Logistic;Logistics & Deliveries;MIRA;Mitra International Resources Tbk;03/31/2025;Dec;232,51;81,54;150,97;16,07;-2,25;-2,57;-2,21;-2,09;0,26;-4,80;0,26;0,54;-3,6;-5,5;-51,4;1;1;1;0;0;3
329;Consumer Non-Cyclicals;Processed Foods;HOKI;Buyung Poetra Sembada Tbk;03/31/2025;Dec;980,79;358,55;622,24;365,29;-25,92;-25,95;-26,24;-3,52;1,46;-26,70;1,46;0,58;-3,5;-5,5;-9,3;1;1;1;0;0;3
836;Technology;Online Applications & Services;TFAS;Telefast Indonesia Tbk;03/31/2025;Dec;251,49;75,19;176,30;83,17;-2,25;-2,25;-2,22;-5,89;0,98;-17,65;0,98;0,43;-3,9;-5,6;-11,8;1;1;1;0;0;3
847;Technology;Computer Hardware;LUCK;Sentral Mitra Informatika Tbk;03/31/2025;Dec;148,39;18,19;130,20;22,29;-1,28;-1,06;-1,06;-10,16;0,36;-6,40;0,36;0,14;-4,9;-5,6;-32,6;1;1;1;0;0;3
281;Consumer Non-Cyclicals;Food Retail & Distributors;PCAR;Prima Cakrawala Abadi Tbk;03/31/2025;Dec;93,82;29,07;64,75;60,64;-0,67;-0,67;-0,67;-3,12;0,90;-16,05;0,90;0,45;-3,9;-5,6;-6,0;1;1;1;0;0;3
471;Consumer Cyclicals;Recreational & Sports Facilities;BOLA;Bali Bintang Sejahtera Tbk;12/31/2024;Dec;794,21;104,64;689,57;335,00;-40,16;-43,98;-40,86;-6,81;0,84;-14,10;0,84;0,15;-5,1;-5,9;-12,2;1;1;1;0;0;3
783;Properties & Real Estate;Real Estate Development & Management;PPRO;PP Properti Tbk;03/31/2025;Dec;17.974,62;6.006,77;11.967,84;64,55;139,09;137,17;141,83;-12,00;0,11;-1,75;0,11;0,50;-4,1;-6,2;-1146,8;1;1;1;0;0;3
810;Technology;Online Applications & Services;BUKA;Bukalapakcom Tbk;12/31/2024;Dec;24.795,04;1.094,24;23.700,80;4.460,27;-1.529,68;-1.548,46;-1.546,74;-15,00;0,63;-9,67;0,63;0,05;-6,2;-6,5;-34,7;1;1;1;0;0;3
787;Properties & Real Estate;Real Estate Development & Management;RBMS;Ristia Bintang Mahkotasejati Tbk;03/31/2025;Dec;746,78;288,03;458,76;27,99;-10,89;-11,07;-11,01;-11,69;0,14;-2,14;0,14;0,63;-4,2;-6,8;-110,9;1;1;1;0;0;3
532;Consumer Cyclicals;Cable & Satellite;MSKY;MNC Sky Vision Tbk;03/31/2025;Dec;2.542,07;783,54;1.758,54;101,50;-80,59;-75,15;-75,15;-59,78;0,06;-0,90;0,06;0,45;-4,7;-6,8;-117,5;1;1;1;0;0;3
822;Technology;Online Applications & Services;HDIT;Hensel Davest Indonesia Tbk;12/31/2024;Dec;325,95;56,09;269,86;32,13;-18,87;-18,87;-18,87;-12,37;0,10;-1,45;0,10;0,21;-5,8;-7,0;-58,7;1;1;1;0;0;3
755;Properties & Real Estate;Real Estate Development & Management;KBAG;Karya Bersama Anugerah Tbk;03/31/2025;Dec;412,79;61,83;350,96;1,17;-5,38;-5,38;-5,38;-3,53;0,67;-9,34;0,67;0,18;-6,1;-7,2;-2166,5;1;1;1;0;0;3
748;Properties & Real Estate;Real Estate Development & Management;GRIA;PT Ingria Pratama Capitalindo Tbk;03/31/2025;Dec;467,34;77,82;389,52;8,23;-0,76;-0,78;-0,78;-3,86;1,69;-23,06;1,69;0,20;-6,1;-7,3;-345,9;1;1;1;0;0;3
825;Technology;Online Applications & Services;KIOS;Kioson Komersial Indonesia Tbk;03/31/2025;Dec;151,61;14,50;137,11;3,51;-1,17;-0,94;-0,97;-9,48;0,39;-5,27;0,39;0,11;-6,7;-7,4;-290,4;1;1;1;0;0;3
363;Consumer Non-Cyclicals;Processed Foods;SKBM;Sekar Bumi Tbk;03/31/2025;Dec;1.795,20;803,51;991,69;659,15;5,10;2,52;2,64;-43,33;0,55;-7,34;0,55;0,81;-4,2;-7,6;-11,4;1;1;1;0;0;3
152;Basic Materials;Iron & Steel;LMSH;Lionmesh Prima Tbk;12/31/2024;Dec;119,11;21,17;97,93;91,62;-7,76;-7,48;-7,48;-77,87;0,25;-3,29;0,25;0,22;-6,3;-7,6;-8,2;1;1;1;0;0;3
424;Consumer Cyclicals;Housewares & Specialties;KICI;Kedaung Indah Can Tbk;03/31/2025;Dec;199,42;97,41;102,01;22,00;-2,33;-1,81;-1,81;-28,93;0,31;-3,91;0,31;0,95;-4,0;-7,8;-36,3;1;1;1;0;0;3
201;Basic Materials;Containers & Packaging;YPAS;Yanaprima Hastapersada Tbk;03/31/2025;Dec;297,92;178,10;119,82;86,86;-4,46;-4,35;-4,35;-14,17;1,74;-22,01;1,74;1,49;-3,2;-7,9;-10,9;1;1;1;0;0;3
461;Consumer Cyclicals;Textiles;SSTM;Sunson Textile Manufacturer Tbk;12/31/2024;Dec;397,55;177,74;219,81;235,86;-19,88;-17,99;-17,99;-15,36;0,87;-10,61;0,87;0,81;-4,5;-8,2;-7,6;1;1;1;0;0;3
741;Properties & Real Estate;Real Estate Development & Management;ELTY;Bakrieland Development Tbk;03/31/2025;Dec;8.831,74;2.867,83;5.963,91;316,62;-28,24;-29,95;-30,14;-11,32;0,08;-0,97;0,08;0,48;-5,6;-8,3;-155,6;1;1;1;0;0;3
678;Financials;General Insurance;ASJT;Asuransi Jasa Tania Tbk;03/31/2025;Dec;589,55;260,41;329,14;64,39;2,58;2,01;2,01;-19,94;0,45;-5,27;0,45;0,79;-4,7;-8,5;-43,4;1;1;1;0;0;3
518;Consumer Cyclicals;Hotels, Resorts & Cruise Lines;SOTS;Satria Mega Kencana Tbk;03/31/2025;Dec;418,85;227,96;190,89;4,45;-4,02;-4,02;-3,97;-16,19;1,47;-17,29;1,47;1,19;-3,9;-8,5;-363,8;1;1;1;0;0;3
916;Infrastructures;Gas Utilities;HADE;Himalaya Energi Perkasa Tbk;03/31/2025;Dec;13,17;1,85;11,31;1,01;-0,58;-0,58;-0,36;-0,45;1,31;-15,40;1,31;0,16;-7,3;-8,5;-95,1;1;1;1;0;0;3
902;Infrastructures;Wired Telecommunication Service;JAST;Jasnita Telekomindo Tbk;12/31/2024;Dec;148,54;61,91;86,63;143,77;-5,26;-5,37;-7,41;-6,85;0,74;-8,62;0,74;0,71;-5,0;-8,6;-5,2;1;1;1;0;0;3
472;Consumer Cyclicals;Hotels, Resorts & Cruise Lines;BUVA;Bukit Uluwatu Villa Tbk;03/31/2025;Dec;2.142,23;719,98;1.422,25;74,31;71,33;71,16;71,06;-6,03;1,04;-11,95;1,04;0,51;-5,8;-8,7;-167,0;1;1;1;0;0;3
91;Basic Materials;Basic Chemicals;ADMG;Polychem Indonesia Tbk;03/31/2025;Dec;2.539,85;632,85;1.907,00;571,38;-16,33;-16,93;-16,93;-45,18;0,23;-2,52;0,23;0,33;-6,9;-9,2;-30,8;1;1;1;0;0;3
959;Transportation & Logistic;Logistics & Deliveries;TRUK;PT Guna Timur Raya Tbk.;12/31/2024;Dec;58,60;11,83;46,76;50,87;-4,04;-4,70;-4,70;-10,81;1,06;-10,54;1,06;0,25;-8,0;-10,1;-9,2;1;1;1;0;0;3
127;Basic Materials;Basic Chemicals;FPNI;Lotte Chemical Titan Tbk;03/31/2025;Dec;2.709,70;1.101,27;1.608,43;1.413,96;-33,43;-24,87;-24,83;-29,55;0,67;-6,56;0,67;0,68;-6,1;-10,2;-11,6;1;1;1;0;0;3
725;Properties & Real Estate;Real Estate Development & Management;BKDP;Bukit Darmo Property Tbk;12/31/2024;Dec;752,25;406,48;345,76;30,52;-36,00;-35,91;-35,91;-4,78;0,59;-5,65;0,59;1,18;-4,8;-10,4;-117,7;1;1;1;0;0;3
166;Basic Materials;Iron & Steel;OPMS;Optima Prima Metal Sinergi Tbk;03/31/2025;Dec;78,25;0,65;77,61;1,29;-1,70;-1,70;-1,70;-8,62;0,72;-6,50;0,72;0,01;-11,0;-11,1;-666,7;1;1;1;0;0;3
875;Infrastructures;Heavy Constructions & Civil Engineering;MTPS;PT Meta Epsi Tbk.;12/31/2024;Dec;85,13;41,42;43,72;1,33;-4,44;-4,98;-4,98;-2,39;0,52;-4,61;0,52;0,95;-5,8;-11,4;-374,7;1;1;1;0;0;3
215;Industrials;Building Products & Fixtures;IKAI;Intikeramik Alamasri Industri Tbk;03/31/2025;Dec;1.117,17;450,35;666,82;35,30;-12,76;-12,35;-11,56;-5,95;0,16;-1,35;0,16;0,68;-7,1;-11,9;-224,2;1;1;1;0;0;3
501;Consumer Cyclicals;Restaurants;MAPB;MAP Boga Adiperkasa Tbk;03/31/2025;Dec;2.875,00;1.381,29;1.493,72;719,61;-73,34;-53,37;-53,37;-74,24;1,65;-13,87;1,65;0,92;-6,2;-11,9;-24,6;1;1;1;0;0;3
260;Industrials;Human Resource & Employment Services;PADA;PT Personel Alih Daya Tbk;03/31/2025;Dec;271,59;153,97;117,62;256,03;0,34;0,11;0,11;-4,49;0,27;-2,23;0,27;1,31;-5,2;-12,0;-5,5;1;1;1;0;0;3
661;Financials;Consumer Financing;POLA;Pool Advista Finance Tbk;03/31/2025;Dec;217,34;7,89;209,44;5,40;0,73;1,62;1,62;-7,56;0,21;-1,72;0,21;0,04;-11,7;-12,1;-469,0;1;1;1;0;0;3
431;Consumer Cyclicals;Home Furnishings;OLIV;Oscar Mitra Sukses Sejahtera Tbk;12/31/2024;Dec;53,24;7,89;45,35;10,89;-7,08;-5,57;-5,57;-2,93;1,01;-8,18;1,01;0,17;-10,5;-12,3;-51,2;1;1;1;0;0;3
470;Consumer Cyclicals;Education Services;BMBL;PT Lavender Bina Cendikia Tbk;12/31/2024;Dec;75,28;5,06;70,22;11,47;-11,34;-8,86;-8,86;-8,60;0,25;-1,98;0,25;0,07;-11,8;-12,6;-77,2;1;1;1;0;0;3
32;Energy;Oil & Gas Drilling Service;ELSA;Elnusa Tbk;03/31/2025;Dec;11.026,26;5.936,13;5.090,13;3.727,63;239,28;186,66;186,65;-89,63;0,66;-5,15;0,66;1,17;-5,9;-12,9;-17,5;1;1;1;0;0;3
534;Consumer Cyclicals;Entertainment & Movie Production;RAAM;PT Tripar Multivision Plus Tbk.;03/31/2025;Dec;1.698,67;361,50;1.337,18;49,75;4,76;6,65;6,65;-25,96;1,56;-11,79;1,56;0,27;-10,4;-13,2;-355,6;1;1;1;0;0;3
36;Energy;Coal Production;GTBO;Garda Tujuh Buana Tbk;03/31/2025;Dec;878,33;142,12;736,20;34,90;-22,40;-22,40;-22,40;-41,86;0,48;-3,37;0,48;0,19;-11,9;-14,2;-299,9;1;1;1;0;0;3
291;Consumer Non-Cyclicals;Plantations & Crops;ANDI;PT Andira Agro Tbk;12/31/2024;Dec;350,16;190,38;159,78;196,74;-22,72;-23,05;-23,05;-2,47;0,59;-4,06;0,59;1,19;-6,6;-14,4;-11,7;1;1;1;0;0;3
821;Technology;Online Applications & Services;GOTOM;MVS GoTo Gojek Tokopedia Tbk.;09/30/2024;Dec;43.825,15;12.166,57;31.658,58;1.772,47;-176,65;-164,73;-164,70;-101,93;0,11;-0,67;0,11;0,38;-11,8;-16,3;-290,8;1;1;1;0;0;3
577;Healthcare;Healthcare Supplies & Distributions;MEDS;PT Hetzer Medical Indonesia Tbk;03/31/2025;Dec;64,62;9,79;54,83;1,81;-1,78;-1,78;-1,78;-6,00;1,42;-8,33;1,42;0,18;-14,5;-17,1;-517,0;1;1;1;0;0;3
203;Industrials;Building Products & Fixtures;AMFG;Asahimas Flat Glass Tbk;03/31/2025;Dec;7.273,84;2.728,58;4.545,26;1.177,68;62,19;51,78;51,78;-1.869,20;0,33;-1,86;0,33;0,60;-11,2;-17,8;-68,9;1;1;1;0;0;3
489;Consumer Cyclicals;Hotels, Resorts & Cruise Lines;HRME;Menteng Heritage Realty Tbk;03/31/2025;Dec;827,24;274,26;552,97;26,72;0,25;0,03;0,03;-17,57;0,29;-1,54;0,29;0,50;-12,7;-18,9;-391,8;1;1;1;0;0;3
293;Consumer Non-Cyclicals;Fish, Meat, & Poultry;ASHA;Cilacap Samudera Fishing Industry Tbk;12/31/2024;Dec;154,56;26,97;127,59;263,48;-29,63;-30,89;-30,89;-6,18;0,47;-1,94;0,47;0,21;-20,0;-24,2;-11,7;1;1;1;0;0;3
247;Industrials;Business Support Services;DYAN;Dyandra Media International Tbk;03/31/2025;Dec;1.249,99;546,93;703,06;376,98;27,48;19,58;19,75;-40,04;0,53;-2,17;0,53;0,78;-13,7;-24,3;-45,4;1;1;1;0;0;3
761;Properties & Real Estate;Real Estate Development & Management;LPCK;Lippo Cikarang Tbk;03/31/2025;Dec;12.754,02;6.645,91;6.108,11;1.094,65;178,78;142,80;142,80;-299,68;0,43;-1,74;0,43;1,09;-12,0;-25,0;-139,7;1;1;1;0;0;3
811;Technology;Online Applications & Services;CASH;Cashlez Worldwide Indonesia Tbk;12/31/2024;Dec;233,63;112,50;121,13;138,34;-43,03;-34,80;-33,73;-23,57;0,64;-2,29;0,64;0,93;-14,4;-27,8;-24,4;1;1;1;0;0;3
250;Industrials;Research & Consulting Services;INDX;Tanah Laut Tbk;12/31/2024;Dec;48,38;19,39;28,99;0,31;-8,86;-8,83;-8,83;-20,17;1,04;-3,42;1,04;0,67;-18,3;-30,5;-2829,2;1;1;1;0;0;3
873;Infrastructures;Heavy Constructions & Civil Engineering;KRYA;PT Bangun Karya Perkasa Jaya Tbk;03/31/2025;Dec;145,07;66,44;78,63;31,12;-26,75;-27,58;-27,59;-15,72;1,95;-5,85;1,95;0,84;-18,0;-33,3;-84,1;1;1;1;0;0;3
712;Properties & Real Estate;Real Estate Development & Management;AMAN;Makmur Berkah Amanda Tbk;03/31/2025;Dec;1.352,53;556,71;795,82;81,60;32,24;29,48;29,34;-69,94;0,44;-1,30;0,44;0,70;-20,0;-34,0;-332,0;1;1;1;0;0;3
814;Technology;Online Applications & Services;DIVA;Distribusi Voucher Nusantara Tbk;12/31/2024;Dec;776,14;121,52;654,62;4.173,46;-226,26;-231,35;-237,55;-166,28;0,20;-0,55;0,20;0,19;-30,6;-36,3;-5,7;1;1;1;0;0;3
935;Transportation & Logistic;Logistics & Deliveries;AKSI;PT Maming Enam Sembilan Mineral Tbk.;03/31/2025;Dec;327,53;149,25;178,28;144,47;12,09;9,54;9,51;-91,09;0,68;-1,84;0,68;0,84;-20,0;-36,8;-45,4;1;1;1;0;0;3
213;Industrials;Construction Machinery & Heavy Vehicles;HOPE;Harapan Duta Pertiwi Tbk;03/31/2025;Dec;157,02;72,44;84,59;5,29;-8,06;-8,02;-8,02;-14,77;0,98;-2,64;0,98;0,86;-20,0;-37,2;-594,4;1;1;1;0;0;3
316;Consumer Non-Cyclicals;Fish, Meat, & Poultry;DSFI;Dharma Samudera Fishing Industries Tbk;03/31/2025;Dec;414,54;144,37;270,17;157,53;4,60;3,62;3,62;-54,35;0,36;-0,96;0,36;0,53;-24,3;-37,4;-64,1;1;1;1;0;0;3
80;Energy;Oil, Gas & Coal Equipment & Services;TAMU;PT Pelayaran Tamarin Samudra Tbk.;12/31/2024;Dec;558,61;258,76;299,85;82,13;-111,84;-119,56;-119,56;-3,19;1,63;-4,08;1,63;0,86;-21,4;-39,9;-145,6;1;1;1;0;0;3
244;Industrials;Office Supplies;BINO;Perma Plasindo Tbk;03/31/2025;Dec;508,48;96,65;411,84;83,97;-0,98;-0,98;-0,59;-79,66;0,66;-1,51;0,66;0,23;-35,6;-44,0;-215,9;1;1;1;0;0;3
205;Industrials;Industrial Machinery & Components;APII;PT Arita Prima Indonesia Tbk.;03/31/2025;Dec;647,75;231,61;416,14;75,72;-1,13;-1,36;-1,43;-180,73;0,44;-0,94;0,44;0,56;-30,0;-46,7;-256,8;1;1;1;0;0;3
391;Consumer Non-Cyclicals;Personal Care Products;FLMC;Falmaco Nonwoven Industri Tbk;12/31/2024;Dec;75,59;32,11;43,48;35,47;-48,03;-42,44;-42,44;-54,33;0,63;-0,64;0,63;0,74;-56,2;-97,6;-119,7;1;1;1;0;0;3
540;Consumer Cyclicals;Automotive Retail;ASLC;Autopedia Sukses Lestari Tbk;03/31/2025;Dec;985,30;221,69;763,61;222,51;17,42;13,72;12,31;-63,98;1,17;-1,09;1,17;0,29;-82,8;-106,8;-366,5;1;1;1;0;0;3
719;Properties & Real Estate;Real Estate Development & Management;BAPI;Bhakti Agung Propertindo Tbk;03/31/2025;Dec;686,36;266,38;419,98;0,40;-1,05;-1,06;-1,06;-82,59;0,12;-0,11;0,12;0,63;-67,3;-110,0;-116331,0;1;1;1;0;0;3
573;Healthcare;Healthcare Supplies & Distributions;HALO;PT Haloni Jane Tbk;03/31/2025;Dec;248,55;81,25;167,30;51,11;7,01;5,42;5,42;-40,34;1,72;-1,26;1,72;0,49;-91,7;-136,2;-445,9;1;1;1;0;0;3
107;Basic Materials;Basic Chemicals;BMSR;Bintang Mitra Semestaraya Tbk;03/31/2025;Dec;1.696,89;932,72;764,17;848,24;-38,84;-38,83;-38,82;-901,41;0,40;-0,29;0,40;1,22;-61,6;-136,7;-123,2;1;1;1;0;0;3
112;Basic Materials;Basic Chemicals;CHEM;PT Chemstar Indonesia Tbk;03/31/2025;Dec;176,45;60,58;115,88;62,33;0,65;0,51;0,51;-103,08;0,79;-0,52;0,79;0,52;-99,3;-151,2;-281,2;1;1;1;0;0;3
717;Properties & Real Estate;Real Estate Development & Management;ATAP;Trimitra Prawara Goldland Tbk;03/31/2025;Dec;105,17;28,47;76,70;4,52;-0,72;-0,95;-0,95;-127,85;0,44;-0,21;0,44;0,37;-152,0;-208,4;-3533,5;1;1;1;0;0;3
718;Properties & Real Estate;Real Estate Development & Management;BAPA;Bekasi Asri Pemula Tbk;03/31/2025;Dec;132,08;13,15;118,93;0,24;-1,48;-1,54;-1,54;-480,82;0,29;-0,11;0,29;0,11;-240,9;-267,6;-130231,5;1;1;1;0;0;3
572;Healthcare;Healthcare Providers;DGNS;PT Diagnos Laboratorium Utama Tbk;03/31/2025;Dec;304,78;110,38;194,41;37,20;-1,73;-1,73;-1,73;-812,70;1,08;-0,21;1,08;0,57;-333,3;-522,6;-2731,1;1;1;1;0;0;3
111;Basic Materials;Iron & Steel;BTON;Betonjaya Manunggal Tbk;03/31/2025;Dec;425,13;135,50;289,63;26,18;9,37;9,97;9,97;-2.254,08;1,02;-0,18;1,02;0,47;-381,8;-560,3;-6200,0;1;1;1;0;0;3
742;Properties & Real Estate;Real Estate Development & Management;EMDE;Megapolitan Developments Tbk;03/31/2025;Dec;3.462,58;1.257,08;2.205,50;50,19;4,74;2,63;1,12;-5.119,50;0,16;-0,02;0,16;0,57;-495,3;-777,6;-34169,5;1;1;1;0;0;3
16;Energy;Coal Production;BOSS;Borneo Olah Sarana Sukses Tbk;09/30/2023;Dec;630,57;797,31;-166,74;330.920,00;53.159,00;43.424,00;34.051,00;24.283,02;-0,42;-;-0,42;-4,78;5391,3;;10,3;0;1;1;0;1;3
445;Consumer Cyclicals;Textiles;CNTB;Century Textile Industry (Seri B) Tbk.;12/31/2024;Mar;473,96;878,29;-404,33;351,97;-77,30;-77,30;-77,30;160,88;-0,08;1,55;-0,08;-2,17;4,4;;5,9;1;1;1;0;0;3
563;Consumer Cyclicals;Consumer Distributors;TELE;Tiphone Mobile Indonesia Tbk;09/30/2024;Dec;79,91;4.814,51;-4.734,60;69.192,44;4.613,64;3.852,22;3.647,21;488,67;-0,01;0,02;-0,01;-1,02;4470,6;;5,2;1;1;1;0;0;3
174;Basic Materials;Diversified Metals & Minerals;PURE;Trinitan Metals and Minerals Tbk;09/30/2024;Dec;735,25;867,76;-132,51;5.441,26;316,26;238,61;238,61;125,73;-0,53;0,41;-0,53;-6,55;23,5;;3,2;1;1;1;0;0;3
224;Industrials;Building Products & Fixtures;KOIN;Kokoh Inti Arebama Tbk;03/31/2025;Dec;786,97;877,00;-90,03;617,30;-3,90;-3,90;-3,90;-25,63;-0,71;-2,54;-0,71;-9,74;-3,2;;-4,1;1;1;1;0;0;3
56;Energy;Oil & Gas Storage & Distribution;MTFN;Capitalinc Investment Tbk;09/30/2024;Dec;500,24;913,03;-412,79;420,17;-18,03;-19,32;-19,29;-0,99;-0,39;-5,03;-0,39;-2,21;-6,3;;-7,5;1;1;1;0;0;3
218;Industrials;Construction Machinery & Heavy Vehicles;INTA;Intraco Penta Tbk;12/31/2024;Dec;2.370,22;4.415,11;-2.044,89;954,68;-63,04;-117,84;-89,70;-26,82;-0,02;-0,45;-0,02;-2,16;-3,8;;-9,4;1;1;1;0;0;3
44;Energy;Oil & Gas Storage & Distribution;INPS;Indah Prakasa Sentosa Tbk;12/31/2024;Dec;261,60;294,29;-32,70;283,91;-27,97;-30,23;-30,18;-46,44;-2,09;-2,26;-2,09;-9,00;-11,5;;-10,6;1;1;1;0;0;3
10;Energy;Oil, Gas & Coal Equipment & Services;ARTI;Ratu Prabu Energi Tbk;12/31/2024;Dec;550,71;753,56;-202,86;37,08;-4,43;-4,33;-5,22;-0,67;-0,08;-3,01;-0,08;-3,71;-0,9;;-14,1;1;1;1;0;0;3
380;Consumer Non-Cyclicals;Plantations & Crops;UNSP;Bakrie Sumatera Plantations Tbk;09/30/2024;Dec;3.208,75;7.965,83;-4.757,08;399,69;22,75;16,96;16,97;-28,77;-0,06;-4,17;-0,06;-1,67;-2,2;;-18,0;1;1;1;0;0;3
927;Transportation & Logistic;Airlines;GIAA;Garuda Indonesia (Persero) Tbk;03/31/2025;Dec;106.987,31;130.686,56;-23.699,25;11.986,56;-1.470,00;-1.257,79;-1.267,07;-28,96;-0,15;-1,38;-0,15;-5,51;-2,5;;-22,1;1;1;1;0;0;3
520;Consumer Cyclicals;Consumer Publishing;ABBA;Mahaka Media Tbk;03/31/2025;Dec;231,06;350,53;-119,47;47,75;-5,12;-5,76;-4,58;-3,78;-1,09;-8,73;-1,09;-2,93;-6,4;;-31,2;1;1;1;0;0;3
453;Consumer Cyclicals;Textiles;MYTX;PT Asia Pacific Investama Tbk.;03/31/2025;Dec;3.364,79;3.930,47;-565,68;243,88;15,24;15,24;14,32;-9,97;-0,49;-3,61;-0,49;-6,95;-2,3;;-31,7;1;1;1;0;0;3
235;Industrials;Building Products & Fixtures;SINI;Singaraja Putra Tbk;03/31/2025;Dec;944,85;1.602,62;-657,77;98,18;-9,90;-11,72;-11,03;-69,12;-1,82;-36,02;-1,82;-2,44;-3,5;;-33,9;1;1;1;0;0;3
723;Properties & Real Estate;Real Estate Development & Management;BIKA;Binakarya Jaya Abadi Tbk;09/30/2024;Dec;2.966,32;3.406,69;-440,37;43,72;11,92;9,11;9,11;-31,19;-0,07;-1,76;-0,07;-7,74;-0,6;;-42,3;1;1;1;0;0;3
538;Consumer Cyclicals;Broadcasting;VIVA;Visi Media Asia Tbk;09/30/2024;Dec;7.872,00;13.006,75;-5.134,75;4.648,21;331,96;168,36;169,01;-135,86;-0,04;-0,09;-0,04;-2,53;-28,4;;-48,1;1;1;1;0;0;3
863;Infrastructures;Heavy Constructions & Civil Engineering;ACST;PT Acset Indonusa Tbk.;03/31/2025;Dec;2.799,69;2.938,92;-139,23;713,61;1,81;1,81;-3,90;-42,18;-7,56;-1,97;-7,56;-21,11;-19,1;;-74,9;1;1;1;0;0;3
284;Consumer Non-Cyclicals;Food Retail & Distributors;WICO;Wicaksana Overseas International Tbk;03/31/2025;Dec;218,90;410,62;-191,72;208,81;-37,22;-38,45;-38,45;-75,14;-1,54;-1,64;-1,54;-2,14;-82,2;;-86,1;1;1;1;0;0;3
528;Consumer Cyclicals;Broadcasting;MARI;Mahaka Radio Integra Tbk;03/31/2025;Dec;390,15;429,63;-39,48;18,43;-15,16;-15,31;-2,27;-3,28;-6,65;-15,24;-6,65;-10,88;-4,4;;-93,5;1;1;1;0;0;3
565;Consumer Cyclicals;Electronics Retail;TRIO;Trikomsel Oke Tbk;03/31/2025;Dec;89,31;4.075,58;-3.986,27;128,64;-16,83;-16,83;-26,22;-4,94;-2,78;-86,15;-2,78;-1,02;-144,0;;-100,0;1;1;1;0;0;3
22;Energy;Coal Distribution;CANI;Capitol Nusantara Indonesia Tbk;12/31/2024;Jun;169,13;692,67;-523,53;30,44;-18,37;-18,58;-18,58;-37,10;-0,06;-0,94;-0,06;-1,32;-18,3;;-101,6;1;1;1;0;0;3
926;Transportation & Logistic;Airlines;CMPP;AirAsia Indonesia Tbk;03/31/2025;Dec;5.651,52;15.797,15;-10.145,63;1.989,63;-710,85;-710,85;-712,47;-207,06;-0,09;-0,40;-0,09;-1,56;-39,1;;-111,2;1;1;1;0;0;3
593;Healthcare;Pharmaceuticals;INAF;Indofarma Tbk;12/31/2024;Dec;618,16;1.762,20;-1.144,04;210,38;-283,76;-334,49;-334,49;-107,93;-0,34;-1,17;-0,34;-1,54;-54,1;;-159,0;1;1;1;0;0;3
199;Basic Materials;Construction Materials;WSBP;Waskita Beton Precast Tbk;03/31/2025;Dec;3.416,62;5.023,66;-1.607,04;394,71;-87,41;-87,41;-87,41;-17,17;-0,52;-0,87;-0,52;-3,13;-28,1;;-242,9;1;1;1;0;0;3
460;Consumer Cyclicals;Textiles;SRIL;PT Sri Rejeki Isman Tbk;09/30/2024;Dec;8.995,73;24.455,85;-15.460,12;196,74;-22,72;-23,05;-23,05;-45,88;-0,19;-3,18;-0,19;-1,58;-10,4;;-476,9;1;1;1;0;0;3
550;Consumer Cyclicals;Electronics Retail;GLOB;Globe Kita Terang Tbk;03/31/2025;Dec;4,50;1.100,00;-1.095,51;15,86;0,27;0,27;0,27;-114,90;-0,09;-0,81;-0,09;-1,00;-2838,6;;-805,0;1;1;1;0;0;3
782;Properties & Real Estate;Real Estate Development & Management;POSA;Bliss Properti Indonesia Tbk;03/31/2025;Dec;742,67;1.162,00;-419,34;13,58;-14,73;-14,76;-14,75;-13,14;-1,00;-3,81;-1,00;-2,77;-14,8;;-811,6;1;1;1;0;0;3
819;Technology;IT Services & Consulting;ENVY;Envy Technologies Indonesia Tbk;03/31/2025;Dec;15,61;66,94;-51,33;0,27;-1,19;-1,19;-1,19;-1,34;-1,75;-37,36;-1,75;-1,30;-15,4;;-891,4;1;1;1;0;0;3
214;Industrials;Construction Machinery & Heavy Vehicles;IBFN;Intan Baruprana Finance Tbk;03/31/2025;Dec;395,84;1.148,12;-752,28;24,87;-9,78;-19,85;-19,85;-430,91;-0,02;-0,03;-0,02;-1,53;-165,2;;-2628,9;1;1;1;0;0;3
321;Consumer Non-Cyclicals;Processed Foods;FOOD;Sentra Food Indonesia Tbk;03/31/2025;Dec;46,99;55,44;-8,45;20,58;-6,32;-6,31;-4,42;-3.157,64;-8,46;-0,03;-8,46;-6,56;-4367,8;;-9972,4;1;1;1;0;0;3
194;Basic Materials;Timber;TIRT;Tirta Mahakam Resources Tbk;12/31/2024;Dec;179,89;855,55;-675,66;0,07;-44,26;-40,37;-40,37;-39,90;-0,07;-1,10;-0,07;-1,27;-22,4;;-55559,6;1;1;1;0;0;3
449;Consumer Cyclicals;Textiles;HDTX;Panasia Indo Resources Tbk;12/31/2024;Dec;213,88;334,59;-120,71;-;-30,12;-27,96;-27,18;-7,55;-3,58;-15,90;-3,58;-2,77;-12,7;;-5052669,3;1;1;1;0;0;3
701;Financials;Financial Holdings;OCAP;Onix Capital Tbk;03/31/2025;Dec;13,88;272,89;-259,01;-;-10,85;-10,85;-10,85;-69,35;-0,17;-2,29;-0,17;-1,05;-136,5;;;1;1;1;0;0;3
145;Basic Materials;Construction Materials;JKSW;Jakarta Kyoei Steel Works Tbk;03/31/2025;Dec;149,94;648,72;-498,77;-;-0,66;-0,66;-0,66;42,74;-0,02;1,40;-0,02;-1,30;4,3;;;1;1;1;0;0;3
226;Industrials;Industrial Machinery & Components;KRAH;PT Grand Kartech Tbk;09/30/2019;Dec;598,21;563,69;34,51;228.501,94;77.599,11;60.643,81;60.154,89;61.869,57;12,27;-;12,27;16,33;10044,6;174103,8;26,3;0;0;0;1;1;2
147;Basic Materials;Paper;KBRI;Kertas Basuki Rachmat Indonesia Tbk;09/30/2019;Dec;1.012,66;876,71;135,95;85.096,47;26.580,46;21.669,40;21.463,60;2.470,43;3,20;-;3,20;6,45;2119,5;15787,7;25,2;0;0;0;1;1;2
186;Basic Materials;Gold;SQMI;Wilton Makmur Indonesia Tbk;09/30/2024;Dec;535,91;478,69;57,22;118.227,03;4.012,18;3.220,08;3.148,11;200,03;10,59;0,19;10,59;8,37;579,9;5431,2;2,6;1;0;0;1;0;2
498;Consumer Cyclicals;Hotels, Resorts & Cruise Lines;MABA;Marga Abhinaya Abadi Tbk;12/31/2019;Dec;2.225,37;1.941,40;283,98;1.228,63;521,27;403,39;403,39;26,25;2,71;-;2,71;6,84;18,1;142,1;32,8;0;0;0;1;1;2
272;Consumer Non-Cyclicals;Drug Retail & Distributors;DAYA;Duta Intidaya Tbk;03/31/2025;Dec;1.001,23;926,59;74,63;650,28;16,48;11,56;11,56;42,92;33,73;24,23;33,73;12,42;10,4;139,2;16,0;0;0;0;1;1;2
458;Consumer Cyclicals;Textiles;SBAT;PT Sejahtera Bintang Abadi Textile Tbk.;09/30/2023;Dec;643,07;495,54;147,53;4.955,89;429,57;330,11;243,74;40,94;0,03;-;0,03;3,36;30,3;131,9;3,9;0;1;0;1;0;2
400;Consumer Non-Cyclicals;Personal Care Products;UNVR;Unilever Indonesia Tbk.;03/31/2025;Dec;17.809,41;14.428,96;3.380,45;9.465,00;1.593,82;1.237,38;1.237,38;82,76;19,35;20,72;19,35;4,27;17,7;93,4;33,4;0;0;0;1;1;2
829;Technology;IT Services & Consulting;MLPT;Multipolar Technology Tbk;03/31/2025;Dec;3.437,47;2.699,86;737,60;788,70;82,86;63,52;63,52;196,05;88,72;178,01;88,72;3,66;10,7;49,8;46,6;0;0;0;1;1;2
31;Energy;Coal Distribution;DWGL;Dwi Guna Laksana Tbk;03/31/2025;Dec;1.659,13;1.343,05;316,08;801,09;52,84;41,07;41,07;13,99;6,67;16,29;6,67;4,25;7,8;41,0;16,2;0;0;0;1;1;2
435;Consumer Cyclicals;Sport Equipment & Hobbies Goods;BIKE;PT Sepeda Bersama Indonesia Tbk;03/31/2025;Dec;347,17;215,75;131,42;77,32;4,07;2,83;2,83;34,35;5,76;17,03;5,76;1,64;12,8;33,8;57,5;0;0;0;1;1;2
27;Energy;Coal Production;CUAN;PT Petrindo Jaya Kreasi Tbk;12/31/2024;Dec;28.730,96;19.585,47;9.145,49;12.956,65;2.764,18;2.746,89;2.598,45;231,14;8,76;30,83;8,76;2,14;9,0;28,4;20,1;0;0;0;1;1;2
613;Financials;Banks;BBCA;Bank Central Asia Tbk.;03/31/2025;Dec;1.533.763,44;1.278.027,11;246.520,51;25.280,35;17.455,66;14.146,99;14.146,13;559,43;4,41;15,78;4,41;5,18;4,5;28,0;272,8;0;0;0;1;1;2
841;Technology;Online Applications & Services;WIFI;Solusi Sinergi Digital Tbk;03/31/2025;Dec;3.273,71;2.221,23;1.052,49;231,57;95,57;82,64;82,58;120,53;4,95;18,34;4,95;2,11;8,7;27,0;122,8;0;0;0;1;1;2
117;Basic Materials;Diversified Metals & Minerals;DAAZ;PT Daaz Bara Lestari Tbk;12/31/2024;Dec;5.134,42;3.060,38;2.074,04;10.134,58;718,26;608,88;455,40;228,04;3,84;17,50;3,84;1,48;8,9;22,0;4,5;0;0;1;1;0;2
256;Industrials;Business Support Services;MFMI;Multifiling Mitra Indonesia Tbk;03/31/2025;Dec;473,66;339,03;134,62;45,77;8,93;7,27;7,27;35,60;7,32;36,51;7,32;2,52;5,7;20,0;58,9;0;0;0;1;1;2
604;Healthcare;Pharmaceuticals;SOHO;Soho Global Health Tbk;12/31/2024;Dec;5.412,02;2.696,81;2.715,22;10.057,94;588,04;462,65;462,65;36,45;3,20;18,79;3,20;0,99;8,5;17,0;4,6;0;0;1;1;0;2
64;Energy;Oil & Gas Storage & Distribution;RAJA;Rukun Raharja Tbk;12/31/2024;Dec;5.354,96;2.577,49;2.777,47;4.112,60;714,62;470,00;412,95;98,23;3,30;22,09;3,30;0,93;7,8;15,0;10,1;0;0;1;0;1;2
55;Energy;Oil, Gas & Coal Equipment & Services;MKAP;PT Multikarya Asia Pasifik Raya Tbk;03/31/2025;Dec;511,32;214,52;296,81;127,98;22,79;18,68;18,68;13,49;2,98;20,17;2,98;0,72;8,6;14,8;34,2;0;0;1;0;1;2
347;Consumer Non-Cyclicals;Processed Foods;MYOR;Mayora Indah Tbk;03/31/2025;Dec;29.068,85;11.246,63;17.822,22;9.859,85;869,59;704,94;689,44;115,29;2,86;19,78;2,86;0,63;8,9;14,5;26,1;0;0;1;0;1;2
309;Consumer Non-Cyclicals;Fish, Meat, & Poultry;CPIN;Charoen Pokphand Indonesia Tbk;03/31/2025;Dec;43.765,36;11.938,26;31.827,10;17.704,70;1.994,91;1.538,18;1.537,03;276,27;2,44;17,12;2,44;0,38;10,4;14,2;25,6;0;0;1;0;1;2
765;Properties & Real Estate;Real Estate Development & Management;MKPI;Metropolitan Kentjana Tbk;03/31/2025;Dec;9.136,93;1.554,73;7.582,20;634,71;345,41;249,45;249,48;1.084,70;3,11;22,93;3,11;0,21;11,3;13,6;162,0;0;0;1;0;1;2
359;Consumer Non-Cyclicals;Processed Foods;ROTI;Nippon Indosari Corpindo Tbk;03/31/2025;Dec;3.716,80;1.412,17;2.304,63;859,64;29,36;22,58;23,10;50,41;2,32;17,16;2,32;0,61;8,4;13,5;36,3;0;0;1;0;1;2
901;Infrastructures;Wireless Telecommunication Services;ISAT;PT Indosat Tbk;12/31/2024;Dec;114.386,70;77.734,90;36.651,80;55.886,87;6.732,52;5.272,41;4.910,83;152,27;1,54;11,49;1,54;2,12;4,3;13,4;8,8;1;1;0;0;0;2
660;Financials;Consumer Financing;MFIN;Mandala Multifinance Tbk;03/31/2025;Dec;7.020,56;3.013,65;4.006,91;605,72;143,66;112,48;112,48;200,50;2,28;17,06;2,28;0,75;7,6;13,4;88,6;0;0;1;0;1;2
382;Consumer Non-Cyclicals;Liquors;WINE;PT Hatten Bali Tbk;03/31/2025;Dec;445,19;130,46;314,73;57,69;10,28;8,01;8,00;15,41;2,24;16,87;2,24;0,41;9,4;13,3;72,4;0;0;1;0;1;2
595;Healthcare;Pharmaceuticals;KLBF;Kalbe Farma Tbk;03/31/2025;Dec;30.579,06;5.218,41;25.360,65;8.845,37;1.429,26;1.110,46;1.076,77;71,68;2,52;19,04;2,52;0,21;11,0;13,2;38,0;0;0;1;0;1;2
278;Consumer Non-Cyclicals;Supermarkets & Convenience Store;MIDI;Midi Utama Indonesia Tbk;03/31/2025;Dec;9.536,22;5.071,98;4.464,24;5.524,70;230,67;173,18;190,38;17,29;2,92;22,55;2,92;1,14;6,1;13,0;10,5;0;0;1;0;1;2
816;Technology;IT Services & Consulting;EDGE;Indointernet Tbk;03/31/2025;Dec;3.653,19;1.908,75;1.744,44;185,18;41,33;35,49;35,60;108,09;4,79;38,30;4,79;1,09;6,0;12,5;117,9;0;0;1;0;1;2
133;Basic Materials;Diversified Metals & Minerals;IFSH;Ifishdeco Tbk;03/31/2025;Dec;1.022,02;199,82;822,20;207,27;17,63;10,44;6,21;43,50;2,20;19,54;2,20;0,24;9,0;11,2;44,6;0;0;1;0;1;2
574;Healthcare;Healthcare Providers;HEAL;PT Medikaloka Hermina Tbk.;03/31/2025;Dec;10.828,82;4.812,60;6.016,22;1.692,47;214,81;160,59;124,73;42,65;2,89;26,49;2,89;0,80;6,1;10,9;38,7;0;0;1;0;1;2
647;Financials;Banks;MEGA;Bank Mega Tbk;03/31/2025;Dec;132.939,48;111.220,59;21.718,90;2.932,31;656,79;532,49;532,49;201,09;1,90;17,50;1,90;5,12;1,8;10,9;80,5;0;1;0;0;1;2
237;Industrials;Construction Machinery & Heavy Vehicles;SMIL;PT Sarana Mitra Luas Tbk;03/31/2025;Dec;1.116,51;367,52;748,98;100,45;27,10;27,10;27,10;9,23;3,51;32,49;3,51;0,49;7,2;10,8;80,5;0;0;1;0;1;2
684;Financials;General Insurance;LPGI;Lippo General Insurance Tbk;03/31/2025;Dec;3.623,02;2.685,77;937,25;1.435,70;49,91;43,45;43,45;32,98;1,44;13,65;1,44;2,87;2,7;10,6;6,9;1;1;0;0;0;2
635;Financials;Banks;BNLI;Bank Permata Tbk;03/31/2025;Dec;264.282,35;220.750,13;43.532,22;4.820,21;1.019,04;788,97;788,97;126,11;1,86;17,76;1,86;5,07;1,7;10,5;94,7;0;1;0;0;1;2
672;Financials;Investment Banking & Brokerage Services;YULE;Yulie Sekuritas Indonesia Tbk;03/31/2025;Dec;724,61;161,89;562,72;-2,50;-8,39;-8,60;-8,60;32,62;8,60;83,08;8,60;0,29;8,0;10,3;-;0;0;1;0;1;2
616;Financials;Banks;BBMD;PT Bank Mestika Dharma Tbk.;03/31/2025;Dec;16.293,96;11.101,36;5.192,60;309,55;80,93;63,13;63,13;126,50;1,72;17,23;1,72;2,14;3,2;10,0;167,1;0;1;0;0;1;2
700;Financials;Investment Companies;NICK;PT Charnic Capital Tbk.;03/31/2025;Dec;208,68;1,93;206,74;0,96;3,25;3,25;3,25;30,85;2,24;23,02;2,24;0,01;9,6;9,7;2092,8;0;0;1;0;1;2
835;Technology;IT Services & Consulting;TECH;Indosterling Technomedia Tbk;03/31/2023;Dec;74,07;9,60;64,47;84,91;5,39;3,78;3,78;4,98;0,97;-;0,97;0,15;8,4;9,7;7,4;0;1;1;0;0;2
97;Basic Materials;Cooper;AMMN;PT Amman Mineral Internasional Tbk.;03/31/2025;Dec;195.308,09;111.344,82;83.963,26;35,19;-2.897,96;-2.279,98;-2.298,75;111,33;6,15;64,00;6,15;1,33;4,1;9,6;22944,4;0;0;1;0;1;2
705;Financials;Financial Holdings;POOL;Pool Advista Indonesia Tbk;09/30/2022;Dec;435,52;11,50;424,02;1.455,56;93,80;74,85;74,85;17,20;0,28;-;0,28;0,03;9,2;9,5;2,8;0;1;1;0;0;2
219;Industrials;Electrical Components & Equipment;JECC;Jembo Cable Company Tbk;12/31/2024;Dec;2.559,78;1.729,10;830,68;3.508,54;94,30;76,58;76,58;101,30;0,70;7,55;0,70;2,08;3,0;9,2;2,2;1;1;0;0;0;2
493;Consumer Cyclicals;Hotels, Resorts & Cruise Lines;JSPT;Jakarta Setiabudi Internasional Tbk;12/31/2024;Dec;6.457,84;3.531,11;2.926,73;2.402,43;337,92;310,42;261,34;112,71;4,99;55,90;4,99;1,21;4,0;8,9;10,9;0;0;1;0;1;2
180;Basic Materials;Diversified Metals & Minerals;SMGA;PT Sumber Mineral Global Abadi Tbk;03/31/2025;Dec;685,01;320,13;364,87;404,21;19,05;13,84;15,70;3,67;1,56;17,71;1,56;0,88;4,7;8,8;7,9;0;1;1;0;0;2
345;Consumer Non-Cyclicals;Plantations & Crops;MKTR;PT Menthobi Karyatama Raya Tbk;03/31/2025;Dec;1.533,49;897,92;635,58;267,67;11,07;6,24;6,20;4,44;2,20;26,10;2,20;1,41;3,5;8,4;20,0;0;0;1;0;1;2
373;Consumer Non-Cyclicals;Processed Foods;TBLA;Tunas Baru Lampung Tbk;12/31/2024;Dec;27.763,55;19.315,12;8.448,43;17.410,56;903,96;701,02;700,02;116,18;0,49;5,94;0,49;2,29;2,5;8,3;4,0;1;1;0;0;0;2
697;Financials;Investment Companies;DNET;PT Indoritel Makmur Internasional Tbk.;03/31/2025;Dec;21.902,79;7.466,82;14.435,97;379,41;208,73;202,12;204,74;82,88;9,60;117,94;9,60;0,52;5,4;8,1;309,9;0;0;1;0;1;2
49;Energy;Oil & Gas Storage & Distribution;LEAD;Logindo Samudramakmur Tbk;12/31/2024;Dec;2.100,58;1.378,02;722,56;754,50;67,32;57,18;57,18;9,86;0,62;7,81;0,62;1,91;2,7;7,9;7,6;1;1;0;0;0;2
414;Consumer Cyclicals;Tires;MASA;Multistrada Arah Sarana Tbk;03/31/2025;Dec;8.258,29;1.543,92;6.714,37;1.733,97;223,14;175,32;175,32;57,42;8,48;107,99;8,48;0,23;6,4;7,9;30,4;0;0;1;0;1;2
614;Financials;Banks;BBHI;PT Bank Harda Internasional Tbk.;03/31/2025;Dec;13.264,58;5.875,72;7.388,86;401,21;145,92;112,54;112,54;26,67;2,16;27,56;2,16;0,80;4,4;7,8;144,4;0;0;1;0;1;2
953;Transportation & Logistic;Logistics & Deliveries;RCCC;PT Utama Radar Cahaya Tbk;03/31/2025;Dec;111,58;64,16;47,42;24,05;1,10;0,85;0,85;4,69;2,13;27,29;2,13;1,35;3,3;7,8;15,4;0;0;1;0;1;2
729;Properties & Real Estate;Real Estate Development & Management;CBDK;PT Bangun Kosambi Sukses Tbk;03/31/2025;Dec;21.827,07;11.053,61;10.773,46;426,35;166,62;166,27;129,95;147,66;3,53;45,37;3,53;1,03;3,8;7,8;196,3;0;0;1;0;1;2
562;Consumer Cyclicals;Department Stores;SONA;Sona Topas Tourism Industry Tbk;03/31/2025;Dec;906,64;263,90;642,74;176,73;10,29;6,71;6,71;73,99;4,04;52,98;4,04;0,41;5,4;7,6;27,7;0;0;1;0;1;2
714;Properties & Real Estate;Real Estate Development & Management;ARMY;Armidian Karyatama Tbk;09/30/2021;Dec;1.713,25;237,05;1.476,20;1.855,14;143,49;109,38;109,38;12,39;0,31;-;0,31;0,16;6,5;7,6;6,0;0;1;1;0;0;2
840;Technology;Software;WGSH;Wira Global Solusi Tbk;12/31/2024;Dec;67,55;7,89;59,66;35,23;5,25;4,29;4,29;4,11;2,87;39,86;2,87;0,13;6,3;7,2;12,2;0;0;1;0;1;2
689;Financials;General Insurance;TUGU;Asuransi Tugu Pratama Indonesia Tbk;12/31/2024;Dec;26.350,07;15.841,52;10.508,55;8.824,00;933,38;750,51;700,85;197,11;0,34;5,15;0,34;1,51;2,7;6,7;7,9;1;1;0;0;0;2
390;Consumer Non-Cyclicals;Personal Care Products;EURO;PT Estee Gold Feet Tbk;12/31/2024;Dec;60,63;5,69;54,94;27,53;4,78;3,63;3,63;1,43;7,33;110,80;7,33;0,10;6,0;6,6;13,2;0;0;1;0;1;2
691;Financials;General Insurance;YOII;PT Asuransi Digital Bersama Tbk;03/31/2025;Dec;305,55;99,26;206,29;156,38;3,28;3,28;3,28;3,98;1,64;24,85;1,64;0,48;4,5;6,6;8,7;0;1;1;0;0;2
17;Energy;Coal Distribution;BSML;Bintang Samudera Mandiri Lines Tbk;12/31/2024;Dec;247,81;118,90;128,91;244,61;8,34;8,34;8,34;4,51;1,05;16,20;1,05;0,92;3,4;6,5;3,4;0;1;1;0;0;2
392;Consumer Non-Cyclicals;Personal Care Products;KINO;PT Kino Indonesia Tbk;03/31/2025;Dec;4.654,65;2.959,52;1.695,14;1.127,35;37,48;39,77;38,70;75,36;0,93;14,60;0,93;1,75;2,3;6,4;9,6;1;1;0;0;0;2
543;Consumer Cyclicals;Automotive Retail;BOGA;PT Bintang Oto Global Tbk;03/31/2025;Dec;815,35;366,17;449,18;126,57;-9,53;-9,87;-9,87;7,48;4,74;74,82;4,74;0,82;3,5;6,3;22,5;0;0;1;0;1;2
396;Consumer Non-Cyclicals;Personal Care Products;MSJA;PT Multi Spunindo Jaya Tbk.;12/31/2024;Dec;1.808,22;393,35;1.414,86;1.107,22;95,41;90,46;88,96;15,12;1,22;19,44;1,22;0,28;4,9;6,3;8,0;0;1;1;0;0;2
173;Basic Materials;Containers & Packaging;PTMR;PT Master Print Tbk;03/31/2025;Dec;160,05;59,23;100,82;36,50;2,33;1,67;1,67;3,28;2,53;40,85;2,53;0,59;3,9;6,2;17,1;0;0;1;0;1;2
283;Consumer Non-Cyclicals;Drug Retail & Distributors;SDPC;Millennium Pharmacon International Tbk;12/31/2024;Dec;1.771,86;1.489,36;282,50;3.916,86;27,70;16,91;16,93;13,29;0,56;9,33;0,56;5,27;1,0;6,0;0,4;1;1;0;0;0;2
531;Consumer Cyclicals;Entertainment & Movie Production;MSIN;PT MNC Studios International Tbk.;03/31/2025;Dec;7.699,08;906,72;6.792,36;989,79;139,56;123,17;122,88;6,68;4,23;70,99;4,23;0,13;5,3;6,0;40,9;0;0;1;0;1;2
644;Financials;Banks;MASB;Bank Multiarta Sentosa Tbk;03/31/2025;Dec;30.458,76;26.491,59;3.967,17;473,23;65,21;50,86;50,86;155,78;1,17;21,18;1,17;6,68;0,7;5,5;46,1;0;1;0;0;1;2
100;Basic Materials;Gold;ARCI;Archi Indonesia Tbk;03/31/2025;Dec;14.604,27;9.911,11;4.693,16;1.503,82;293,71;173,67;170,38;9,61;1,74;34,12;1,74;2,11;1,6;5,1;15,9;0;1;0;0;1;2
662;Financials;Consumer Financing;TIFA;KDB Tifa Finance Tbk;03/31/2025;Dec;1.767,78;543,46;1.224,33;43,84;11,83;8,82;8,82;16,78;2,13;43,80;2,13;0,44;3,4;4,9;136,0;0;0;1;0;1;2
171;Basic Materials;Containers & Packaging;PPRI;PT Paperocks Indonesia Tbk.;03/31/2025;Dec;125,85;29,34;96,51;42,19;1,65;1,18;1,18;4,33;3,30;68,42;3,30;0,30;3,7;4,8;11,0;0;0;1;0;1;2
459;Consumer Cyclicals;Textiles;SPRE;PT Soraya Berjaya Indonesia Tbk;03/31/2025;Dec;54,58;6,01;48,57;11,37;0,63;0,52;0,52;2,89;3,36;70,57;3,36;0,12;4,2;4,8;20,3;0;0;1;0;1;2
946;Transportation & Logistic;Logistics & Deliveries;LOPI;PT Logisticsplus International Tbk;12/31/2024;Dec;78,47;21,29;57,18;86,39;3,42;2,68;2,68;2,43;0,77;16,45;0,77;0,37;3,4;4,7;3,1;0;1;1;0;0;2
466;Consumer Cyclicals;Hotels, Resorts & Cruise Lines;ARTA;Arthavest Tbk;12/31/2024;Dec;292,50;14,26;278,24;105,16;18,55;18,24;12,94;28,97;3,27;70,41;3,27;0,05;4,4;4,7;12,3;0;0;1;0;1;2
900;Infrastructures;Wired Telecommunication Service;INET;PT Sinergi Inti Andalan Prima Tbk.;03/31/2025;Dec;251,55;16,89;234,67;12,10;2,10;1,53;1,53;1,39;6,35;137,86;6,35;0,07;4,3;4,6;89,3;0;0;1;0;1;2
882;Infrastructures;Heavy Constructions & Civil Engineering;PTPW;PT Pratama Widya Tbk.;12/31/2024;Dec;731,12;111,34;619,78;371,98;19,60;18,76;18,73;31,97;1,27;28,00;1,27;0,18;3,8;4,5;7,5;0;1;1;0;0;2
837;Technology;Online Applications & Services;TOSK;PT Topindo Solusi Komunika Tbk.;03/31/2025;Dec;217,69;62,26;155,42;421,85;2,70;2,05;2,05;1,58;1,41;31,57;1,41;0,40;3,2;4,5;1,6;0;1;1;0;0;2
685;Financials;Reasurance;MREI;Maskapai Reasuransi Indonesia Tbk;03/31/2025;Dec;5.231,42;3.718,13;1.503,14;877,49;42,78;50,82;50,82;128,93;0,27;6,01;0,27;2,47;1,3;4,4;7,6;1;1;0;0;0;2
13;Energy;Coal Distribution;BESS;Batulicin Nusantara Maritim Tbk;03/31/2025;Dec;694,83;54,88;639,96;103,60;43,96;43,96;43,95;8,25;4,92;110,97;4,92;0,09;4,1;4,4;27,4;0;0;1;0;1;2
499;Consumer Cyclicals;Hotels, Resorts & Cruise Lines;MAMI;Mas Murni Indonesia Tbk;09/30/2022;Dec;1.768,01;534,06;1.233,95;1.233,33;73,51;58,26;55,86;4,35;0,50;-;0,50;0,43;3,0;4,3;4,3;0;1;1;0;0;2
423;Consumer Cyclicals;Home Furnishings;GEMA;Gema Grahasarana Tbk;03/31/2025;Dec;1.134,26;706,32;427,95;379,39;9,41;2,70;2,62;11,33;0,37;8,65;0,37;1,65;1,6;4,2;4,8;1;1;0;0;0;2
680;Financials;General Insurance;ASRM;Asuransi Ramayana Tbk;03/31/2025;Dec;1.811,71;1.108,34;703,37;462,76;17,19;15,05;15,05;24,39;0,54;12,71;0,54;1,58;1,6;4,2;6,4;1;1;0;0;0;2
99;Basic Materials;Specialty Chemicals;APLI;Asiaplast Industries Tbk;03/31/2025;Dec;457,58;116,93;340,66;75,39;-2,09;-2,32;-2,31;10,17;2,40;59,02;2,40;0,34;3,0;4,1;18,4;0;0;1;0;1;2
797;Properties & Real Estate;Real Estate Development & Management;SMDM;Suryamas Dutamakmur Tbk;12/31/2024;Dec;3.462,27;251,62;3.210,65;694,05;163,91;162,60;123,78;25,94;2,01;52,24;2,01;0,08;3,6;3,9;17,8;0;0;1;0;1;2
66;Energy;Oil, Gas & Coal Equipment & Services;RGAS;PT Kian Santang Muliatama Tbk.;03/31/2025;Dec;106,99;16,94;90,05;122,30;2,27;1,98;1,99;2,35;1,85;48,44;1,85;0,19;3,2;3,8;2,8;0;1;1;0;0;2
108;Basic Materials;Diversified Metals & Minerals;BRMS;Bumi Resources Minerals Tbk;03/31/2025;Dec;19.216,41;2.496,11;16.720,31;1.048,89;322,01;246,04;239,68;4,46;3,24;85,62;3,24;0,15;3,3;3,8;60,3;0;0;1;0;1;2
487;Consumer Cyclicals;Hotels, Resorts & Cruise Lines;HOME;Hotel Mandarine Regency Tbk;09/30/2020;Dec;2.452,28;334,09;2.118,19;2.583,58;126,42;102,11;102,17;3,58;0,52;-;0,52;0,16;3,2;3,8;3,1;0;1;1;0;0;2
621;Financials;Banks;BBYB;PT Bank Neo Commerce Tbk.;03/31/2025;Dec;18.173,34;14.438,74;3.734,60;833,83;159,65;159,94;159,94;10,12;0,93;25,70;0,93;3,87;0,7;3,6;16,2;0;1;0;0;1;2
24;Energy;Oil & Gas Storage & Distribution;CGAS;PT Citra Nusantara Gemilang Tbk.;12/31/2024;Dec;361,35;97,25;264,10;508,50;14,23;9,76;9,41;5,31;0,65;18,26;0,65;0,37;2,6;3,6;1,9;0;1;1;0;0;2
870;Infrastructures;Heavy Constructions & Civil Engineering;IDPR;PT Indonesia Pondasi Raya Tbk.;03/31/2025;Dec;1.509,61;829,17;680,44;288,83;2,06;1,27;1,06;11,53;0,52;15,34;0,52;1,22;1,5;3,4;8,0;0;1;1;0;0;2
439;Consumer Cyclicals;Sport Equipment & Hobbies Goods;UNTD;PT Terang Dunia Internusa Tbk.;12/31/2024;Dec;1.227,82;600,00;627,82;573,31;28,81;20,82;20,82;3,12;0,84;25,30;0,84;0,96;1,7;3,3;3,6;0;1;1;0;0;2
806;Technology;IT Services & Consulting;AREA;PT Dunia Virtual Online Tbk;12/31/2024;Dec;290,21;57,83;232,38;56,34;9,80;7,65;7,65;3,01;5,96;180,88;5,96;0,25;2,6;3,3;13,6;0;0;1;0;1;2
443;Consumer Cyclicals;Textiles;BELL;PT Trisula Textile Industries Tbk;12/31/2024;Dec;583,31;312,05;271,25;584,89;17,81;11,54;8,80;1,21;1,44;44,47;1,44;1,15;1,5;3,2;1,5;0;1;1;0;0;2
454;Consumer Cyclicals;Clothing, Accessories & Bags;PBRX;Pan Brothers Tbk;03/31/2024;Dec;11.088,84;5.793,46;5.295,38;2.814,26;256,24;204,66;204,66;7,84;0,09;-;0,09;1,09;1,5;3,2;6,0;0;1;1;0;0;2
693;Financials;Financial Holdings;BCAP;MNC Kapital Indonesia Tbk;03/31/2025;Dec;29.661,96;23.834,55;5.827,41;782,82;33,93;40,17;32,85;4,35;0,53;16,79;0,53;4,09;0,6;3,2;23,7;0;1;0;0;1;2
313;Consumer Non-Cyclicals;Fish, Meat, & Poultry;DEWI;PT Dewi Shri Farmindo Tbk;12/31/2024;Dec;181,01;25,07;155,94;78,22;5,85;4,90;4,90;2,45;1,17;37,18;1,17;0,16;2,7;3,1;6,3;0;1;1;0;0;2
559;Consumer Cyclicals;Automotive Retail;PMJS;PT Putra Mandiri Jembar Tbk;03/31/2025;Dec;4.710,95;1.531,11;3.179,84;1.900,81;27,05;19,57;15,56;7,05;0,51;16,73;0,51;0,48;2,1;3,1;5,1;0;1;1;0;0;2
824;Technology;Online Applications & Services;JATI;PT Informasi Teknologi Indonesia Tbk.;12/31/2024;Dec;315,76;146,45;169,32;534,45;7,12;5,08;5,08;1,56;0,96;32,12;0,96;0,86;1,6;3,0;1,0;0;1;1;0;0;2
641;Financials;Banks;BVIC;Bank Victoria International Tbk;12/31/2024;Dec;31.045,99;27.112,53;3.933,46;2.138,37;148,66;117,86;117,86;7,44;0,34;11,30;0,34;6,89;0,4;3,0;5,5;1;1;0;0;0;2
301;Consumer Non-Cyclicals;Processed Foods;BUDI;Budi Starch & Sweetener Tbk;03/31/2025;Dec;4.074,72;2.441,86;1.632,86;798,49;17,37;13,63;11,15;10,70;0,55;18,69;0,55;1,50;1,2;2,9;6,0;0;1;1;0;0;2
325;Consumer Non-Cyclicals;Soft Drinks;GRPM;PT Graha Prima Mentari Tbk.;12/31/2024;Dec;191,50;103,23;88,27;705,51;6,59;4,78;2,56;1,66;0,79;27,17;0,79;1,17;1,3;2,9;0,4;0;1;1;0;0;2
90;Energy;Alternative Energy Equipment;SEMA;Semacom Integrated Tbk;03/31/2025;Dec;248,41;83,92;164,49;47,68;1,82;1,61;1,54;3,31;0,66;24,20;0,66;0,51;1,8;2,7;9,3;0;1;1;0;0;2
523;Consumer Cyclicals;Advertising;DOOH;PT Era Media Sejahtera Tbk;03/31/2025;Dec;281,69;61,43;220,26;30,82;1,87;1,25;1,20;0,75;3,94;150,09;3,94;0,28;2,1;2,6;18,7;0;0;1;0;1;2
206;Industrials;Industrial Machinery & Components;ARKA;PT Arkha Jayanti Persada Tbk.;12/31/2024;Dec;416,51;302,32;114,20;119,05;2,32;2,92;2,92;1,46;0,25;9,58;0,25;2,65;0,7;2,6;2,5;1;1;0;0;0;2
638;Financials;Banks;BSWD;Bank of India Indonesia Tbk;03/31/2025;Dec;6.813,66;3.343,24;3.470,42;106,07;16,74;13,06;13,06;23,89;2,07;81,41;2,07;0,96;1,3;2,5;83,1;0;0;1;0;1;2
624;Financials;Banks;BEKS;PT Bank Pembangunan Daerah Banten Tbk.;03/31/2025;Dec;7.618,18;5.911,30;1.706,88;138,19;3,46;3,46;3,46;0,82;0,88;35,20;0,88;3,46;0,6;2,5;30,9;0;1;0;0;1;2
279;Consumer Non-Cyclicals;Supermarkets & Convenience Store;MLPL;Multipolar Tbk;03/31/2025;Dec;14.451,95;8.699,96;5.751,99;3.004,57;41,97;13,47;11,73;8,91;0,29;12,01;0,29;1,51;1,0;2,4;4,6;1;1;0;0;0;2
642;Financials;Banks;DNAR;PT Bank Oke Indonesia Tbk.;03/31/2025;Dec;12.243,83;8.577,21;3.666,61;281,71;38,93;30,43;30,43;5,08;0,51;21,63;0,51;2,34;0,7;2,4;30,8;0;1;0;0;1;2
172;Basic Materials;Gold;PSAB;J Resources Asia Pasifik Tbk;12/31/2024;Dec;14.006,92;7.502,36;6.504,56;3.814,17;382,47;285,68;152,27;5,75;1,19;50,74;1,19;1,15;1,1;2,3;4,0;0;1;1;0;0;2
676;Financials;General Insurance;ASBI;Asuransi Bintang Tbk;12/31/2024;Dec;903,50;481,27;422,23;403,38;2,14;9,90;9,87;28,33;0,36;15,32;0,36;1,14;1,1;2,3;2,4;0;1;1;0;0;2
632;Financials;Banks;BNBA;Bank Bumi Arta Tbk;03/31/2025;Dec;8.268,64;5.063,50;3.205,13;135,96;25,68;20,03;20,03;21,69;0,80;34,81;0,80;1,58;0,9;2,3;54,1;0;1;0;0;1;2
11;Energy;Oil, Gas & Coal Equipment & Services;ATLA;PT Atlantis Subsea Indonesia Tbk;12/31/2024;Dec;174,83;6,94;167,89;84,91;5,39;3,78;3,78;0,61;1,85;82,08;1,85;0,04;2,2;2,2;4,4;0;1;1;0;0;2
254;Industrials;Office Supplies;LION;Lion Metal Works Tbk;12/31/2024;Dec;714,17;213,12;501,05;425,42;18,84;10,57;10,57;20,31;0,45;21,36;0,45;0,43;1,5;2,1;2,5;0;1;1;0;0;2
606;Financials;Banks;AGRO;PT Bank Rakyat Indonesia Agroniaga Tbk;03/31/2025;Dec;13.346,60;9.877,67;3.468,93;289,51;23,31;16,92;16,92;2,92;1,55;74,64;1,55;2,85;0,5;2,1;25,0;0;1;0;0;1;2
751;Properties & Real Estate;Real Estate Services;INDO;PT Royalindo Investa Wijaya Tbk;12/31/2024;Dec;1.043,04;3,83;1.039,21;26,93;22,20;21,03;21,48;4,79;0,68;32,96;0,68;-;2,1;2,1;79,8;0;1;0;0;1;2
190;Basic Materials;Containers & Packaging;TALF;Tunas Alfin Tbk (Share A);03/31/2025;Dec;1.883,79;636,27;1.247,52;372,78;19,78;15,48;14,90;18,93;0,32;15,63;0,32;0,51;1,4;2,1;6,9;0;1;1;0;0;2
592;Healthcare;Pharmaceuticals;IKPM;PT Ikapharmindo Putramas Tbk.;12/31/2024;Dec;491,38;245,25;246,12;412,07;8,03;5,01;5,01;2,98;1,67;81,97;1,67;1,00;1,0;2,0;1,2;0;1;1;0;0;2
687;Financials;General Insurance;PNIN;Paninvest Tbk;12/31/2024;Dec;260.390,23;180.162,00;68.501,92;13.993,68;4.528,58;3.729,92;1.391,08;341,93;0,06;3,10;0,06;2,63;0,5;2,0;9,9;1;1;0;0;0;2
511;Consumer Cyclicals;Hotels, Resorts & Cruise Lines;PNSE;Pudjiadi & Sons Tbk;12/31/2024;Dec;359,97;155,40;204,57;241,14;12,77;11,48;4,01;5,03;1,37;69,58;1,37;0,76;1,1;2,0;1,7;0;1;1;0;0;2
569;Consumer Cyclicals;Apparel & Textile Retail;ZONE;Mega Perintis Tbk;12/31/2024;Dec;748,74;378,07;370,67;708,36;10,34;7,04;7,13;8,20;1,92;100,01;1,92;1,02;1,0;1,9;1,0;0;1;1;0;0;2
778;Properties & Real Estate;Real Estate Development & Management;PANI;Pantai Indah Kapuk Dua Tbk;03/31/2025;Dec;48.486,02;19.450,22;29.035,80;611,97;161,79;161,71;49,58;32,64;6,60;347,71;6,60;0,67;1,1;1,9;90,1;0;0;1;0;1;2
412;Consumer Cyclicals;Auto Parts & Equipment;LMAX;PT Lupromax Pelumas Indonesia Tbk.;12/31/2024;Dec;69,79;19,40;50,39;78,25;2,03;0,96;0,96;1,47;0,40;21,09;0,40;0,38;1,4;1,9;1,2;0;1;1;0;0;2
182;Basic Materials;Containers & Packaging;SMKL;Satyamitra Kemas Lestari Tbk;03/31/2025;Dec;2.158,02;1.201,13;956,89;468,16;16,64;11,79;11,79;4,94;0,54;30,38;0,54;1,26;0,8;1,8;3,6;0;1;1;0;0;2
386;Consumer Non-Cyclicals;Tobacco;GGRM;Gudang Garam Tbk;03/31/2025;Dec;84.394,72;22.370,61;62.024,11;23.066,33;195,11;107,52;104,43;561,72;0,31;17,85;0,31;0,36;1,3;1,7;4,7;0;1;1;0;0;2
261;Industrials;Human Resource & Employment Services;SOSS;Shield on Service Tbk;03/31/2025;Dec;585,82;283,25;302,57;477,82;4,86;3,26;2,11;6,53;1,14;65,82;1,14;0,94;0,9;1,7;1,1;0;1;1;0;0;2
110;Basic Materials;Basic Chemicals;BRPT;Barito Pacific Tbk;03/31/2025;Dec;180.447,74;108.289,92;72.157,82;12.817,93;931,94;489,08;267,71;12,52;0,97;59,52;0,97;1,50;0,7;1,6;9,2;0;1;1;0;0;2
415;Consumer Cyclicals;Auto Parts & Equipment;NIPS;Nipress Tbk;09/30/2018;Dec;2.134,39;1.165,97;968,42;3.027,79;106,48;2,83;2,83;9,43;0,48;-;0,48;1,20;0,7;1,6;0,5;0;1;1;0;0;2
551;Consumer Cyclicals;Automotive Retail;IMAS;Indomobil Sukses Internasional Tbk;03/31/2025;Dec;68.846,35;52.713,74;16.132,61;7.537,00;154,34;44,86;5,26;60,57;0,21;14,28;0,21;3,27;0,4;1,5;3,2;1;1;0;0;0;2
402;Consumer Cyclicals;Auto Parts & Equipment;AEGS;PT Anugerah Spareparts Sejahtera Tbk.;12/31/2024;Dec;75,49;6,50;68,99;28,72;1,28;1,03;1,03;1,03;0,42;28,27;0,42;0,09;1,4;1,5;3,6;0;1;1;0;0;2
181;Basic Materials;Construction Materials;SMGR;Semen Indonesia (Persero) Tbk;12/31/2024;Dec;76.993,08;28.685,87;48.307,21;36.186,13;1.251,20;771,67;719,76;106,61;0,36;24,48;0,36;0,59;0,9;1,5;2,0;0;1;1;0;0;2
462;Consumer Cyclicals;Textiles;TFCO;Tifico Fiber Indonesia Tbk;03/31/2025;Dec;5.643,96;415,44;5.228,53;782,85;37,42;33,20;33,20;16,08;0,46;31,10;0,46;0,08;1,4;1,5;9,9;0;1;1;0;0;2
945;Transportation & Logistic;Logistics & Deliveries;LAJU;PT Jasa Berdikari Logistics Tbk;12/31/2024;Dec;233,96;104,59;129,38;187,91;2,07;1,90;1,90;0,88;0,83;56,57;0,83;0,81;0,8;1,5;1,0;0;1;1;0;0;2
792;Properties & Real Estate;Real Estate Development & Management;RISE;Jaya Sukses Makmur Sentosa Tbk;12/31/2024;Dec;3.422,07;814,07;2.607,99;365,59;46,32;34,81;37,35;3,41;4,34;303,30;4,34;0,31;1,1;1,4;10,2;0;0;1;0;1;2
490;Consumer Cyclicals;Education Services;IDEA;Idea Indonesia Akademi Tbk;12/31/2024;Dec;74,60;13,19;61,42;22,35;1,05;0,84;0,84;0,79;0,74;54,65;0,74;0,21;1,1;1,4;3,7;0;1;1;0;0;2
922;Infrastructures;Electric Utilities;TGRA;Terregra Asia Energy Tbk;09/30/2024;Dec;478,87;153,97;324,90;1.366,94;13,38;8,77;8,77;1,56;0,30;23,10;0,30;0,47;0,9;1,3;0,3;0;1;1;0;0;2
709;Financials;Financial Holdings;STAR;Buana Artha Anugerah Tbk;03/31/2025;Dec;520,06;1,62;518,44;1,49;3,36;3,36;3,36;1,42;0,33;25,41;0,33;-;1,3;1,3;457,3;0;1;0;0;1;2
710;Financials;Financial Holdings;VICO;Victoria Investama Tbk;03/31/2025;Dec;33.815,41;28.154,66;5.192,30;673,85;54,02;40,78;21,70;4,46;0,44;33,82;0,44;5,42;0,2;1,3;10,1;0;1;0;0;1;2
292;Consumer Non-Cyclicals;Plantations & Crops;ANJT;PT Austindo Nusantara Jaya Tbk.;03/31/2025;Dec;9.451,33;2.945,14;6.506,19;1.050,01;138,63;81,16;84,29;24,36;0,87;68,97;0,87;0,45;0,9;1,3;7,8;0;1;1;0;0;2
884;Infrastructures;Heavy Constructions & Civil Engineering;SMKM;PT Sumber Mas Konstruksi Tbk;12/31/2024;Dec;210,96;4,86;206,10;85,30;2,52;2,52;2,52;2,01;0,28;22,91;0,28;0,02;1,2;1,2;2,9;0;1;1;0;0;2
715;Properties & Real Estate;Real Estate Development & Management;ASPI;Andalan Sakti Primaindo Tbk;12/31/2024;Dec;97,65;24,82;72,83;39,35;2,07;2,07;0,86;1,26;1,46;123,78;1,46;0,34;0,9;1,2;2,2;0;1;1;0;0;2
838;Technology;Software;TRON;PT Teknologi Karya Digital Nusa Tbk.;12/31/2024;Dec;283,22;63,48;219,74;152,93;3,77;2,40;2,45;0,83;1,67;149,29;1,67;0,29;0,9;1,1;1,6;0;1;1;0;0;2
421;Consumer Cyclicals;Home Furnishings;CBMF;Cahaya Bintang Medan Tbk;09/30/2023;Dec;355,77;117,80;237,96;233,09;4,16;4,77;4,77;1,38;0,39;-;0,39;0,50;0,7;1,1;1,1;0;1;1;0;0;2
158;Basic Materials;Basic Chemicals;MOLI;Madusari Murni Indah Tbk;03/31/2025;Dec;1.865,08;500,81;1.364,27;366,07;16,80;10,12;7,41;5,35;0,38;35,31;0,38;0,37;0,8;1,1;4,0;0;1;1;0;0;2
777;Properties & Real Estate;Real Estate Development & Management;PAMG;Bima Sakti Pertiwi Tbk;12/31/2024;Dec;587,96;159,19;428,78;52,44;4,84;4,55;4,55;1,46;0,58;54,28;0,58;0,37;0,8;1,1;8,7;0;1;1;0;0;2
242;Industrials;Construction Machinery & Heavy Vehicles;WIDI;PT Widiant Jaya Krenindo Tbk.;12/31/2024;Dec;48,80;1,35;47,45;15,12;1,04;0,50;0,50;0,31;0,47;44,78;0,47;0,03;1,0;1,1;3,3;0;1;1;0;0;2
948;Transportation & Logistic;Logistics & Deliveries;MITI;Mitra Investindo Tbk;03/31/2025;Dec;495,36;58,96;436,40;53,99;3,17;1,72;0,84;1,27;1,22;118,57;1,22;0,14;0,9;1,0;8,3;0;1;1;0;0;2
629;Financials;Banks;BKSW;PT Bank QNB Indonesia Tbk;03/31/2025;Dec;12.196,78;7.432,78;4.763,99;206,94;11,47;11,47;11,47;1,38;0,46;44,82;0,46;1,56;0,4;1,0;23,5;0;1;0;0;1;2
869;Infrastructures;Heavy Constructions & Civil Engineering;FIMP;Fimperkasa Utama Tbk;12/31/2024;Dec;35,65;4,63;31,02;5,87;0,31;0,31;0,31;0,78;1,32;131,58;1,32;0,15;0,9;1,0;5,3;0;1;1;0;0;2
154;Basic Materials;Diversified Metals & Minerals;MBMA;PT Merdeka Battery Materials Tbk;12/31/2024;Dec;55.516,61;17.550,45;37.966,16;29.812,13;1.456,30;1.284,91;368,18;3,41;0,88;90,93;0,88;0,46;0,7;1,0;1,2;0;1;1;0;0;2
848;Technology;Electronic Equipment & Instruments;MENN;PT Menn Teknologi Indonesia Tbk.;12/31/2024;Dec;44,88;1,87;43,00;8,05;0,62;0,41;0,41;0,29;1,43;148,99;1,43;0,04;0,9;1,0;5,1;0;1;1;0;0;2
43;Energy;Coal Production;INDY;Indika Energy Tbk;03/31/2025;Dec;48.130,19;25.795,48;22.334,71;8.110,70;324,44;168,23;48,03;40,37;0,34;35,79;0,34;1,15;0,4;0,9;2,6;0;1;1;0;0;2
209;Industrials;Electrical Components & Equipment;CCSI;Communication Cable Systems Indonesia Tbk;12/31/2024;Dec;665,97;246,71;419,26;291,36;2,50;3,90;3,90;2,93;1,25;133,93;1,25;0,59;0,6;0,9;1,3;0;1;1;0;0;2
388;Consumer Non-Cyclicals;Tobacco;ITIC;PT Indonesian Tobacco Tbk.;03/31/2025;Dec;632,89;196,47;436,43;68,81;4,44;3,12;3,12;4,02;0,51;59,28;0,51;0,45;0,6;0,9;5,5;0;1;1;0;0;2
88;Energy;Oil, Gas & Coal Equipment & Services;WOWS;PT Ginting Jaya Energi Tbk;03/31/2025;Dec;648,37;123,03;525,34;60,04;2,01;2,01;2,01;1,79;0,23;26,76;0,23;0,23;0,7;0,8;7,4;0;1;1;0;0;2
580;Healthcare;Healthcare Providers;MTMH;PT Murni Sadar Tbk;03/31/2025;Dec;2.452,72;1.019,37;1.433,34;309,39;18,82;13,20;13,83;5,80;1,32;157,69;1,32;0,71;0,5;0,8;3,9;0;1;1;0;0;2
410;Consumer Cyclicals;Auto Parts & Equipment;ISAP;PT Isra Presisi Indonesia Tbk;12/31/2024;Dec;177,76;6,69;171,07;35,72;1,96;1,42;1,42;0,35;0,26;31,07;0,26;0,04;0,8;0,8;4,0;0;1;1;0;0;2
231;Industrials;Construction Machinery & Heavy Vehicles;NTBK;Nusatama Berkah Tbk;03/31/2025;Dec;163,82;68,31;95,51;29,81;0,48;0,14;0,14;0,29;1,41;174,69;1,41;0,72;0,5;0,8;2,6;0;1;1;0;0;2
330;Consumer Non-Cyclicals;Processed Foods;IBOS;PT Indo Boga Sukses Tbk;12/31/2024;Dec;370,71;28,84;341,88;45,39;4,20;2,87;2,68;0,33;0,71;90,20;0,71;0,08;0,7;0,8;5,9;0;1;1;0;0;2
296;Consumer Non-Cyclicals;Liquors;BEER;PT Jobubu Jarum Minahasa Tbk;12/31/2024;Dec;253,29;20,19;233,10;45,36;2,32;1,78;1,78;0,45;1,13;148,19;1,13;0,09;0,7;0,8;3,9;0;1;1;0;0;2
547;Consumer Cyclicals;Electronics Retail;ECII;Electronic City Indonesia Tbk;12/31/2024;Dec;1.687,70;519,65;1.168,06;2.429,12;9,32;8,49;8,49;6,37;0,23;31,26;0,23;0,44;0,5;0,7;0,3;0;1;1;0;0;2
334;Consumer Non-Cyclicals;Plantations & Crops;IPPE;Indo Pureco Pratama Tbk;09/30/2024;Dec;301,45;14,29;287,17;28,72;1,28;1,03;1,03;0,43;0,22;32,48;0,22;0,05;0,7;0,7;6,9;0;1;1;0;0;2
698;Financials;Financial Holdings;GSMF;Equity Development Investment Tbk;03/31/2025;Dec;5.828,74;3.296,25;2.532,48;252,84;-3,00;-5,40;-6,40;1,22;0,31;45,81;0,31;1,30;0,3;0,7;6,9;0;1;1;0;0;2
579;Healthcare;Healthcare Supplies & Distributions;MMIX;PT Multi Medika Internasional Tbk;12/31/2024;Dec;407,82;227,24;180,58;191,99;1,78;1,21;1,21;0,50;1,70;254,54;1,70;1,26;0,3;0,7;0,6;0;1;1;0;0;2
143;Basic Materials;Containers & Packaging;IPOL;Indopoly Swakarsa Industry Tbk;03/31/2025;Dec;6.234,82;3.287,51;2.947,31;887,02;10,70;5,30;5,81;3,04;0,26;38,50;0,26;1,12;0,3;0,7;2,2;0;1;1;0;0;2
397;Consumer Non-Cyclicals;Personal Care Products;NANO;PT Nanotech Indonesia Global Tbk;12/31/2024;Dec;209,22;40,12;169,10;114,86;0,89;0,68;1,05;0,25;0,68;109,98;0,68;0,24;0,5;0,6;0,9;0;1;1;0;0;2
93;Basic Materials;Specialty Chemicals;AKPI;Argha Karya Prima Industry Tbk;12/31/2024;Dec;3.354,19;1.619,70;1.734,49;3.025,04;34,45;10,61;10,63;17,35;0,21;34,86;0,21;0,93;0,3;0,6;0,4;0;1;1;0;0;2
332;Consumer Non-Cyclicals;Fish, Meat, & Poultry;IKAN;Era Mandiri Cemerlang Tbk;12/31/2024;Dec;138,46;63,95;74,50;116,76;0,53;0,43;0,43;0,52;1,44;248,71;1,44;0,86;0,3;0,6;0,4;0;1;1;0;0;2
564;Consumer Cyclicals;Home Improvement Retail;TOOL;PT Rohartindo Nusantara Luas Tbk;12/31/2024;Dec;214,87;21,68;193,19;93,53;2,23;0,94;0,94;0,46;0,54;111,30;0,54;0,11;0,4;0,5;1,0;0;1;1;0;0;2
587;Healthcare;Healthcare Providers;SAME;Sarana Meditama Metropolitan Tbk;03/31/2025;Dec;5.529,70;1.377,65;4.152,05;440,87;15,79;11,30;9,53;1,16;1,27;264,71;1,27;0,33;0,4;0,5;4,5;0;1;1;0;0;2
772;Properties & Real Estate;Real Estate Development & Management;MYRXP;Hanson International (Seri B) Tbk;09/30/2019;Dec;12.904,25;4.401,98;8.502,27;1.084,88;160,34;124,06;124,06;34,56;0,01;-;0,01;0,52;0,3;0,5;3,6;0;1;1;0;0;2
197;Basic Materials;Containers & Packaging;TRST;Trias Sentosa Tbk;03/31/2025;Dec;5.572,11;2.842,99;2.729,12;842,91;-10,33;-14,05;-15,20;3,94;0,51;126,30;0,51;1,04;0,2;0,4;1,3;0;1;1;0;0;2
232;Industrials;Building Products & Fixtures;PIPA;PT Multi Makmur Lemindo Tbk.;03/31/2025;Dec;173,53;26,55;146,98;7,11;0,30;0,30;0,30;0,11;1,17;437,90;1,17;0,18;0,2;0,3;5,5;0;1;1;0;0;2
568;Consumer Cyclicals;Apparel & Textile Retail;ZATA;PT Bersama Zatta Jaya Tbk;03/31/2025;Dec;694,12;163,94;530,19;67,30;6,00;6,00;6,00;0,16;0,13;49,61;0,13;0,31;0,2;0,3;2,0;0;1;1;0;0;2
348;Consumer Non-Cyclicals;Processed Foods;NASI;Wahana Inti Makmur Tbk;12/31/2024;Dec;83,82;23,67;60,15;87,94;0,15;0,15;0,15;0,18;1,09;444,32;1,09;0,39;0,2;0,2;0,2;0;1;1;0;0;2
738;Properties & Real Estate;Real Estate Development & Management;DILD;Intiland Development Tbk;03/31/2025;Dec;13.553,10;6.783,04;6.770,05;640,76;34,01;30,25;10,56;1,50;0,24;102,74;0,24;1,00;0,1;0,2;2,4;0;1;1;0;0;2
162;Basic Materials;Diversified Metals & Minerals;NIKL;Pelat Timah Nusantara Tbk;03/31/2025;Dec;1.936,20;1.024,11;912,09;567,58;-14,63;-14,14;-14,14;0,45;0,63;510,68;0,63;1,12;0,1;0,1;0,2;0;1;1;0;0;2
726;Properties & Real Estate;Real Estate Development & Management;BKSL;Sentul City Tbk;12/31/2024;Dec;21.188,29;6.034,27;15.154,02;744,07;18,22;13,93;17,36;0,10;1,00;869,71;1,00;0,40;0,1;0,1;2,3;0;1;1;0;0;2
537;Consumer Cyclicals;Entertainment & Movie Production;VERN;PT Verona Indah Pictures Tbk;03/31/2025;Dec;540,83;15,01;525,82;14,88;2,16;2,16;2,16;0,08;0,85;1.151,34;0,85;0,03;0,1;0,1;2,6;0;1;1;0;0;2
536;Consumer Cyclicals;Consumer Publishing;TMPO;Tempo Intimedia Tbk;03/31/2025;Dec;453,46;208,84;244,62;38,43;-6,05;-4,59;-4,29;0,16;0,51;733,25;0,51;0,85;0,0;0,1;0,4;0;1;1;0;0;2
905;Infrastructures;Wireless Telecommunication Services;LCKM;PT LCK Global Kedaton Tbk;12/31/2024;Dec;143,43;7,25;136,18;19,04;0,17;0,09;0,09;0,09;1,63;2.460,21;1,63;0,05;0,1;0,1;0,5;0;1;1;0;0;2
763;Properties & Real Estate;Real Estate Development & Management;LPLI;Star Pacific Tbk;03/31/2025;Dec;1.994,04;8,09;1.985,95;4,52;26,10;25,85;25,85;-0,13;0,17;-2.278,44;0,17;-;0,0;0,0;-3,3;1;1;0;0;0;2
136;Basic Materials;Diversified Forest;INCF;PT Indo Komoditi Korpora Tbk;03/31/2025;Dec;435,28;285,98;149,30;32,24;0,67;0,67;0,66;-0,02;0,20;-1.393,03;0,20;1,92;0,0;0,0;-0,1;1;1;0;0;0;2
505;Consumer Cyclicals;Hotels, Resorts & Cruise Lines;NUSA;Sinergi Megah Internusa Tbk;09/30/2019;Dec;817,91;64,77;753,15;0,49;-0,87;-0,91;-0,91;-0,17;0,51;-;0,51;0,09;-0,2;-0,2;-259,4;0;1;1;0;0;2
668;Financials;Investment Banking & Brokerage Services;PADI;Minna Padi Investama Sekuritas Tbk;03/31/2025;Dec;196,78;41,50;155,29;4,40;-0,45;-0,39;-0,39;-0,03;3,06;-1.631,45;3,06;0,27;-0,1;-0,2;-6,6;1;0;1;0;0;2
750;Properties & Real Estate;Real Estate Development & Management;HOMI;Grand House Mulia Tbk;03/31/2025;Dec;207,74;75,88;131,86;8,47;0,33;0,12;0,12;-0,21;2,75;-1.113,31;2,75;0,58;-0,2;-0,2;-3,8;1;0;1;0;0;2
262;Industrials;Diversified Industrial Trading;TIRA;Tira Austenite Tbk;03/31/2025;Dec;381,14;213,28;167,86;63,61;-2,11;-2,10;-2,10;-1,07;7,36;-1.955,33;7,36;1,27;-0,2;-0,4;-1,0;1;0;1;0;0;2
420;Consumer Cyclicals;Auto Parts & Equipment;VKTR;PT VKTR Teknologi Mobilitas Tbk;03/31/2025;Dec;1.663,49;502,28;1.161,21;218,08;5,78;5,33;3,30;-0,23;3,43;-394,61;3,43;0,43;-0,6;-0,9;-4,6;1;0;1;0;0;2
745;Properties & Real Estate;Real Estate Development & Management;GAMA;Aksara Global Development Tbk;09/30/2022;Dec;1.376,92;328,54;1.048,37;42,04;2,05;0,90;0,66;-1,18;0,17;-;0,17;0,31;-0,9;-1,1;-28,1;0;1;1;0;0;2
552;Consumer Cyclicals;Home Improvement Retail;KLIN;PT Klinko Karya Imaji Tbk;12/31/2024;Dec;44,64;11,28;33,36;19,11;-0,60;-0,48;-0,48;-0,37;6,55;-455,22;6,55;0,34;-1,1;-1,4;-2,5;1;0;1;0;0;2
664;Financials;Consumer Financing;VRNA;Verena Multi Finance Tbk;03/31/2025;Dec;3.143,27;2.401,97;741,30;97,09;-2,50;-2,57;-2,57;-2,26;0,61;-35,34;0,61;3,24;-0,4;-1,7;-13,3;1;1;0;0;0;2
343;Consumer Non-Cyclicals;Processed Foods;MAXI;PT Maxindo Karya Anugerah Tbk;12/31/2024;Dec;247,97;102,87;145,11;104,04;-2,53;-2,77;-2,77;-0,29;3,38;-176,77;3,38;0,71;-1,1;-1,9;-2,7;1;0;1;0;0;2
196;Basic Materials;Basic Chemicals;TPIA;PT Chandra Asri Pacific Tbk;03/31/2025;Dec;100.327,27;49.670,86;50.656,41;10.305,61;-527,86;-390,68;-424,82;-11,75;13,45;-670,06;13,45;0,98;-1,0;-2,0;-9,9;1;0;1;0;0;2
433;Consumer Cyclicals;Home Furnishings;SOFA;Boston Furniture Industries Tbk;12/31/2024;Dec;62,45;17,65;44,79;50,25;-0,78;-0,91;-0,91;-0,55;2,21;-108,99;2,21;0,39;-1,5;-2,0;-1,8;1;0;1;0;0;2
744;Properties & Real Estate;Real Estate Development & Management;FORZ;Forza Land Indonesia Tbk;09/30/2020;Dec;596,70;305,17;291,53;152,96;-14,37;-13,46;-13,42;-3,25;0,34;-;0,34;1,05;-1,1;-2,2;-4,2;0;1;1;0;0;2
585;Healthcare;Healthcare Providers;RSCH;PT Charlie Hospital Semarang Tbk.;12/31/2024;Dec;192,47;45,51;146,96;48,50;-4,09;-3,51;-3,51;-1,33;8,73;-365,16;8,73;0,31;-1,8;-2,4;-7,2;1;0;1;0;0;2
335;Consumer Non-Cyclicals;Fish, Meat, & Poultry;ISEA;PT Indo American Seafoods Tbk;03/31/2025;Dec;447,97;274,25;173,72;106,61;-5,37;-5,37;-5,37;-3,01;0,43;-17,92;0,43;1,58;-0,9;-2,4;-3,9;1;1;0;0;0;2
612;Financials;Banks;BANK;PT Bank Net Indonesia Syariah Tbk;03/31/2025;Dec;10.119,78;647,40;3.170,96;107,22;33,47;33,47;33,47;-6,88;3,70;-115,57;3,70;0,20;-1,0;-3,2;-94,8;1;0;1;0;0;2
289;Consumer Non-Cyclicals;Soft Drinks;ALTO;Tri Banyan Tirta Tbk;09/30/2024;Dec;934,49;636,25;298,24;208,65;12,82;5,58;7,51;-4,37;0,11;-3,43;0,11;2,13;-1,0;-3,2;-4,6;1;1;0;0;0;2
767;Properties & Real Estate;Real Estate Development & Management;MPRO;Maha Properti Indonesia Tbk;03/31/2025;Dec;1.677,09;440,98;1.236,10;0,48;-11,44;-11,49;-11,49;-4,03;16,33;-503,99;16,33;0,36;-2,4;-3,2;-8345,4;1;0;1;0;0;2
457;Consumer Cyclicals;Clothing, Accessories & Bags;RICY;Ricky Putra Globalindo Tbk;09/30/2024;Dec;1.499,43;1.364,83;134,60;145,30;45,64;36,47;36,47;-7,46;0,17;-4,83;0,17;10,14;-0,3;-3,6;-3,3;1;1;0;0;0;2
696;Financials;Investment Companies;DEFI;Danasupra Erapacific Tbk;12/31/2024;Dec;39,21;2,32;36,89;6,35;-1,25;-1,35;-1,46;-2,13;27,11;-683,83;27,11;0,06;-3,7;-4,0;-23,0;1;0;1;0;0;2
571;Healthcare;Healthcare Providers;CARE;PT Metro Healthcare Indonesia Tbk;03/31/2025;Dec;3.981,49;992,27;2.989,22;77,04;-29,02;-29,16;-29,02;-3,83;2,31;-54,26;2,31;0,33;-3,2;-4,3;-165,4;1;0;1;0;0;2
774;Properties & Real Estate;Real Estate Development & Management;NIRO;City Retail Developments Tbk;03/31/2025;Dec;14.516,14;9.319,75;5.196,38;353,06;-48,43;-82,77;-29,70;-10,09;0,52;-11,99;0,52;1,79;-1,5;-4,3;-63,5;1;1;0;0;0;2
269;Industrials;Multi-sector Holdings;ZBRA;Dosni Roha Indonesia Tbk;09/30/2024;Dec;3.337,78;2.158,09;1.179,68;119,05;2,32;2,92;2,92;-20,86;0,11;-2,40;0,11;1,83;-1,6;-4,4;-44,0;1;1;0;0;0;2
630;Financials;Banks;BMAS;PT Bank Maspion Indonesia Tbk.;03/31/2025;Dec;23.945,12;17.449,72;6.495,40;393,30;20,52;30,73;30,73;-16,86;1,28;-27,29;1,28;2,69;-1,3;-4,7;-77,6;1;1;0;0;0;2
770;Properties & Real Estate;Real Estate Development & Management;MTSM;Metro Realty Tbk;12/31/2024;Dec;49,37;21,26;28,12;27,46;0,91;-1,44;-1,44;-6,17;4,14;-81,08;4,14;0,76;-2,9;-5,1;-5,2;1;0;1;0;0;2
263;Industrials;Diversified Industrial Trading;TRIL;Triwira Insanlestari Tbk;09/30/2021;Dec;124,89;17,78;107,11;4,07;-4,41;-4,57;-4,57;-5,11;0,56;-;0,56;0,17;-4,9;-5,7;-150,8;0;1;1;0;0;2
503;Consumer Cyclicals;Hotels, Resorts & Cruise Lines;MINA;Sanurhasta Mitra Tbk;03/31/2025;Dec;102,20;12,13;90,07;1,39;-1,38;-1,38;-1,38;-0,87;7,65;-120,86;7,65;0,13;-5,6;-6,3;-411,2;1;0;1;0;0;2
448;Consumer Cyclicals;Textiles;ESTI;Ever Shine Textile Industry Tbk;03/31/2025;Dec;797,71;517,85;279,86;109,51;6,68;6,68;6,68;-9,20;0,27;-4,02;0,27;1,85;-2,3;-6,6;-16,9;1;1;0;0;0;2
378;Consumer Non-Cyclicals;Fish, Meat, & Poultry;UDNG;PT Agro Bahari Nusantara Tbk;12/31/2024;Dec;57,61;2,38;55,23;3,13;-4,61;-3,67;-3,67;-2,10;7,41;-111,50;7,41;0,04;-6,4;-6,6;-117,2;1;0;1;0;0;2
862;Infrastructures;Marine Ports & Services;PORT;PT Nusantara Pelabuhan Handal Tbk.;03/31/2025;Dec;2.306,12;1.240,22;1.065,91;290,19;40,12;33,42;32,05;-25,22;2,28;-34,30;2,28;1,16;-3,1;-6,7;-24,5;1;0;1;0;0;2
659;Financials;Consumer Financing;HDFA;Radana Bhaskara Finance Tbk;03/31/2025;Dec;3.385,72;2.809,26;576,46;90,87;2,93;3,71;3,71;-6,05;1,20;-17,51;1,20;4,87;-1,2;-6,9;-43,6;1;1;0;0;0;2
785;Properties & Real Estate;Real Estate Development & Management;PURI;Puri Global Sukses Tbk;03/31/2025;Dec;515,77;401,34;114,43;15,76;0,05;0,05;0,36;-8,40;1,71;-23,34;1,71;3,51;-1,6;-7,3;-53,3;1;1;0;0;0;2
699;Financials;Investment Companies;LPPS;PT Lenox Pasifik Investama Tbk;03/31/2025;Dec;908,59;0,21;908,38;0,08;-30,01;-30,00;-30,00;-27,92;0,17;-2,08;0,17;-;-8,0;-8,0;-86015,0;1;1;0;0;0;2
815;Technology;IT Services & Consulting;DMMX;Digital Mediatama Maxima Tbk;03/31/2025;Dec;840,10;197,77;642,33;190,75;12,77;9,64;9,67;-6,76;4,86;-60,05;4,86;0,31;-6,2;-8,1;-27,3;1;0;1;0;0;2
102;Basic Materials;Construction Materials;AYLS;Agro Yasa Lestari Tbk;03/31/2025;Dec;42,03;0,15;41,88;0,31;-0,59;-0,51;-0,51;-4,19;1,43;-16,72;1,43;-;-8,5;-8,5;-1147,7;1;1;0;0;0;2
14;Energy;Coal Distribution;BIPI;Astrindo Nusantara Infrastruktur Tbk;09/30/2024;Dec;26.662,82;17.803,43;8.859,39;3.172,31;-529,97;-542,06;-547,32;-13,69;0,61;-6,21;0,61;2,01;-3,3;-9,8;-27,5;1;1;0;0;0;2
228;Industrials;Industrial Machinery & Components;LABA;PT Green Power Group Tbk;03/31/2025;Dec;141,46;79,83;61,63;8,49;1,85;1,85;1,85;-5,58;2,74;-27,41;2,74;1,30;-4,4;-10,0;-72,5;1;0;1;0;0;2
377;Consumer Non-Cyclicals;Processed Foods;TRGU;PT Cerestar Indonesia Tbk;03/31/2025;Dec;3.339,10;2.410,95;928,15;823,81;-24,66;-26,59;-26,59;-11,72;1,54;-15,36;1,54;2,60;-2,8;-10,0;-11,3;1;1;0;0;0;2
482;Consumer Cyclicals;Hotels, Resorts & Cruise Lines;FITT;Hotel Fitra International Tbk;12/31/2024;Dec;102,33;24,79;77,54;13,34;-7,83;-7,78;-7,78;-5,97;2,25;-22,46;2,25;0,32;-7,6;-10,0;-58,3;1;0;1;0;0;2
210;Industrials;Building Products & Fixtures;CTTH;Citatah Tbk;12/31/2024;Dec;733,39;542,71;190,68;145,53;-20,56;-19,59;-19,58;-15,91;0,17;-1,70;0,17;2,85;-2,7;-10,3;-13,5;1;1;0;0;0;2
545;Consumer Cyclicals;Home Improvement Retail;CSAP;Catur Sentosa Adiprana Tbk;03/31/2025;Dec;12.177,78;8.509,96;3.667,82;4.135,47;6,38;6,38;4,26;-68,96;0,50;-4,67;0,50;2,32;-3,2;-10,7;-9,5;1;1;0;0;0;2
533;Consumer Cyclicals;Broadcasting;NETV;PT MDTV Media Technologies Tbk;12/31/2024;Dec;1.044,87;369,47;675,40;209,73;-80,68;-78,64;-78,46;-1,90;10,10;-86,98;10,10;0,55;-7,5;-11,6;-37,4;1;0;1;0;0;2
438;Consumer Cyclicals;Sport Equipment & Hobbies Goods;TOYS;PT Sunindo Adipersada Tbk.;12/31/2023;Dec;356,89;109,24;247,66;263,48;-29,63;-30,89;-30,89;-21,53;0,05;-;0,05;0,44;-8,7;-12,5;-11,7;0;1;1;0;0;2
802;Properties & Real Estate;Real Estate Development & Management;UANG;Pakuan Tbk;03/31/2025;Dec;1.619,53;1.117,38;502,14;1,40;-29,70;-29,70;-28,79;-52,57;0,70;-5,52;0,70;2,23;-3,9;-12,7;-4533,8;1;1;0;0;0;2
211;Industrials;Industrial Machinery & Components;GPSO;Geoprima Solusi Tbk;12/31/2024;Dec;55,70;10,14;45,56;10,19;-7,12;-5,82;-5,82;-8,73;5,94;-46,52;5,94;0,22;-10,4;-12,8;-57,1;1;0;1;0;0;2
212;Industrials;Construction Machinery & Heavy Vehicles;HEXA;Hexindo Adiperkasa Tbk;12/31/2024;Mar;7.035,91;4.427,88;2.608,04;5.967,27;439,39;342,49;342,49;-401,38;1,52;-11,73;1,52;1,70;-4,8;-12,9;-5,7;1;1;0;0;0;2
548;Consumer Cyclicals;Electronics Retail;ERAA;Erajaya Swasembada Tbk;03/31/2025;Dec;28.353,25;19.047,14;9.306,12;15.882,48;333,74;212,27;203,25;-75,95;0,80;-6,11;0,80;2,05;-4,3;-13,0;-7,6;1;1;0;0;0;2
384;Consumer Non-Cyclicals;Fish, Meat, & Poultry;WMUU;Widodo Makmur Unggas Tbk;03/31/2025;Dec;2.384,45;1.553,99;830,46;140,28;-27,29;-27,29;-27,22;-8,57;0,12;-0,93;0,12;1,87;-4,7;-13,4;-79,1;1;1;0;0;0;2
241;Industrials;Electrical Components & Equipment;VOKS;Voksel Electric Tbk;12/31/2024;Dec;1.833,42;1.184,89;648,53;1.879,35;-77,92;-89,18;-89,18;-21,46;1,31;-9,51;1,31;1,83;-4,9;-13,8;-4,7;1;1;0;0;0;2
437;Consumer Cyclicals;Sport Equipment & Hobbies Goods;IIKP;Inti Agri Resources Tbk;03/31/2025;Dec;191,26;22,83;168,43;0,92;-3,48;-4,08;-4,08;-0,69;9,97;-72,37;9,97;0,14;-12,1;-13,8;-2529,2;1;0;1;0;0;2
654;Financials;Consumer Financing;BBLD;Buana Finance Tbk;03/31/2025;Dec;6.979,95;5.543,78;1.436,17;202,30;12,66;9,74;9,74;-121,55;0,78;-5,59;0,78;3,86;-2,9;-13,9;-98,9;1;1;0;0;0;2
337;Consumer Non-Cyclicals;Plantations & Crops;JAWA;Jaya Agra Wattie Tbk;12/31/2024;Dec;3.867,58;2.501,59;1.365,98;1.070,77;-199,60;-193,73;-193,04;-11,89;1,11;-7,82;1,11;1,83;-5,0;-14,1;-18,0;1;1;0;0;0;2
223;Industrials;Construction Machinery & Heavy Vehicles;KOBX;Kobexindo Tractors Tbk;12/31/2024;Dec;3.399,23;3.005,90;393,33;2.101,58;-112,83;-55,52;-56,63;-24,92;1,02;-7,10;1,02;7,64;-1,7;-14,4;-2,7;1;1;0;0;0;2
369;Consumer Non-Cyclicals;Liquors;STRK;PT Lovina Beach Brewery Tbk.;03/31/2025;Dec;145,58;15,20;130,38;2,78;-4,58;-4,58;-4,58;-1,79;4,11;-27,91;4,11;0,12;-13,2;-14,7;-689,9;1;0;1;0;0;2
69;Energy;Oil, Gas & Coal Equipment & Services;RMKO;PT Royaltama Mulia Kontraktorindo Tbk.;03/31/2025;Dec;620,95;418,30;202,65;42,53;-37,09;-24,94;-24,94;-27,99;0,56;-3,25;0,56;2,06;-5,6;-17,3;-82,3;1;1;0;0;0;2
890;Infrastructures;Heavy Constructions & Civil Engineering;WIKA;PT Wijaya Karya (Persero) Tbk;03/31/2025;Dec;61.128,62;50.040,57;11.088,05;3.112,40;-777,96;-783,36;-780,18;-48,01;0,73;-4,25;0,73;4,51;-3,1;-17,3;-61,5;1;1;0;0;0;2
541;Consumer Cyclicals;Apparel & Textile Retail;BABY;PT Multitrend Indo Tbk.;03/31/2025;Dec;730,97;314,97;416,00;266,81;-19,25;-17,61;-17,56;-28,00;2,35;-13,36;2,35;0,76;-10,0;-17,6;-27,5;1;0;1;0;0;2
497;Consumer Cyclicals;Restaurants;LUCY;Lima Dua Lima Tiga Tbk;12/31/2024;Dec;135,72;65,93;69,79;100,68;-15,59;-13,78;-12,62;-8,33;3,13;-17,29;3,13;0,94;-9,3;-18,1;-12,5;1;0;1;0;0;2
820;Technology;Online Applications & Services;GOTO;GoTo Gojek Tokopedia Tbk.;03/31/2025;Dec;43.740,72;13.965,28;29.775,44;4.230,63;-272,21;-366,59;-283,33;-4,86;3,26;-17,49;3,26;0,47;-12,7;-18,6;-131,0;1;0;1;0;0;2
886;Infrastructures;Heavy Constructions & Civil Engineering;TAMA;PT Lancartama Sejati Tbk.;12/31/2024;Dec;193,25;148,76;44,49;23,17;-7,89;-8,49;-8,49;-7,08;0,89;-4,66;0,89;3,34;-4,4;-19,1;-36,7;1;1;0;0;0;2
711;Properties & Real Estate;Real Estate Development & Management;ADCP;Adhi Commuter Properti Tbk;03/31/2025;Dec;6.896,78;4.279,80;2.616,98;70,47;0,22;0,02;0,02;-22,95;0,42;-2,18;0,42;1,64;-7,4;-19,5;-723,7;1;1;0;0;0;2
202;Basic Materials;Diversified Metals & Minerals;ZINC;Kapuas Prima Coal Tbk;12/31/2024;Dec;2.419,62;1.804,92;614,70;235,79;-129,77;-129,91;-121,07;-4,80;0,62;-3,13;0,62;2,94;-5,0;-19,7;-51,3;1;1;0;0;0;2
140;Basic Materials;Paper;INRU;Toba Pulp Lestari Tbk.;03/31/2025;Dec;7.543,81;6.125,97;1.417,83;281,85;-75,42;-60,17;-60,17;-203,98;0,38;-1,91;0,38;4,32;-3,8;-20,0;-100,5;1;1;0;0;0;2
737;Properties & Real Estate;Real Estate Development & Management;DART;Duta Anggada Realty Tbk;12/31/2024;Dec;6.208,68;4.766,52;1.442,16;511,56;-262,42;-296,80;-296,80;-94,48;0,29;-1,43;0,29;3,31;-4,8;-20,6;-58,0;1;1;0;0;0;2
8;Energy;Oil & Gas Drilling Service;APEX;Apexindo Pratama Duta Tbk;03/31/2025;Dec;4.033,57;2.942,24;1.091,33;379,02;31,08;7,25;7,25;-64,61;0,32;-1,52;0,32;2,70;-5,7;-21,0;-60,5;1;1;0;0;0;2
151;Basic Materials;Iron & Steel;KRAS;Krakatau Steel (Persero) Tbk;09/30/2024;Dec;41.709,24;36.810,02;4.899,22;868,09;5,82;6,81;6,81;-54,40;0,53;-2,48;0,53;7,51;-2,5;-21,5;-121,2;1;1;0;0;0;2
526;Consumer Cyclicals;Advertising;FUTR;PT Lini Imaji Kreasi Ekosistem Tbk;03/31/2025;Dec;238,55;20,29;218,27;13,99;2,15;2,15;2,15;-7,18;2,98;-13,65;2,98;0,09;-20,0;-21,8;-340,7;1;0;1;0;0;2
594;Healthcare;Pharmaceuticals;KAEF;Kimia Farma Tbk;09/30/2024;Dec;16.802,35;11.093,40;5.708,95;1.056,08;55,34;50,89;50,89;-225,87;0,45;-2,04;0,45;1,94;-7,5;-22,0;-119,1;1;1;0;0;0;2
801;Properties & Real Estate;Real Estate Development & Management;TRUE;Triniti Dinamik Tbk;12/31/2024;Dec;770,16;510,46;259,70;87,15;-58,57;-58,69;-58,32;-7,70;0,41;-1,82;0,41;1,97;-7,6;-22,5;-66,9;1;1;0;0;0;2
706;Financials;Financial Holdings;SFAN;Surya Fajar Capital Tbk;03/31/2025;Dec;175,21;23,07;152,14;1,52;-5,50;-5,50;-5,46;-25,18;16,94;-75,27;16,94;0,15;-19,5;-22,5;-2248,8;1;0;1;0;0;2
906;Infrastructures;Wired Telecommunication Service;LINK;Link Net Tbk;12/31/2024;Dec;13.916,79;8.911,58;5.005,20;2.520,69;-1.771,78;-1.185,30;-1.185,30;-413,98;1,07;-4,52;1,07;1,78;-8,5;-23,7;-47,0;1;1;0;0;0;2
895;Infrastructures;Wired Telecommunication Service;DATA;PT Remala Abadi Tbk;03/31/2025;Dec;473,84;174,87;298,97;86,39;18,79;14,05;13,70;-62,53;6,55;-22,79;6,55;0,58;-18,1;-28,8;-99,5;1;0;1;0;0;2
354;Consumer Non-Cyclicals;Processed Foods;PMMP;Panca Mitra Multiperdana Tbk;09/30/2024;Dec;4.532,03;3.454,63;1.077,40;296,59;-174,09;-243,40;-243,40;-121,99;0,13;-0,44;0,13;3,21;-7,0;-29,3;-106,5;1;1;0;0;0;2
427;Consumer Cyclicals;Housewares & Specialties;LMPI;Langgeng Makmur Industri Tbk;03/31/2025;Dec;680,33;549,01;131,32;123,87;-9,73;-7,87;-7,87;-39,22;0,96;-3,19;0,96;4,18;-5,8;-30,1;-31,9;1;1;0;0;0;2
29;Energy;Oil, Gas & Coal Equipment & Services;DOID;Delta Dunia Makmur Tbk;12/31/2024;Dec;25.648,21;22.521,52;3.126,69;28.383,74;-1.253,31;-1.064,46;-991,19;-129,55;0,98;-3,10;0,98;7,20;-3,9;-31,7;-3,5;1;1;0;0;0;2
800;Properties & Real Estate;Real Estate Development & Management;TRIN;Perintis Triniti Properti Tbk;12/31/2024;Dec;2.222,88;1.804,10;418,78;216,64;-195,31;-200,62;-133,85;-29,41;0,99;-3,09;0,99;4,31;-6,0;-32,0;-61,8;1;1;0;0;0;2
743;Properties & Real Estate;Real Estate Development & Management;FMII;Fortune Mate Indonesia Tbk;12/31/2024;Dec;777,31;97,64;679,66;35,32;11,02;10,36;10,36;-34,13;3,54;-11,02;3,54;0,14;-28,1;-32,1;-618,4;1;0;1;0;0;2
925;Transportation & Logistic;Road Transportation;BPTR;PT Batavia Prosperindo Trans Tbk.;03/31/2025;Dec;2.101,34;1.527,84;573,49;140,30;17,03;13,40;13,41;-55,24;0,44;-1,30;0,44;2,66;-9,3;-34,0;-139,2;1;1;0;0;0;2
809;Technology;Online Applications & Services;BELI;PT Global Digital Niaga Tbk;03/31/2025;Dec;17.698,28;8.519,49;9.178,79;4.693,76;-617,26;-641,50;-638,15;-23,63;5,98;-17,35;5,98;0,93;-17,9;-34,5;-67,4;1;0;1;0;0;2
681;Financials;Life Insurance;BHAT;Bhakti Multi Artha Tbk;03/31/2025;Dec;1.136,82;574,28;562,54;28,54;0,26;0,26;0,22;-42,10;4,84;-12,95;4,84;1,02;-18,5;-37,4;-737,5;1;0;1;0;0;2
524;Consumer Cyclicals;Entertainment & Movie Production;FILM;PT MD Entertainment Tbk;03/31/2025;Dec;3.875,54;1.184,51;2.691,03;122,46;-37,24;-20,29;-9,05;-106,72;9,31;-23,71;9,31;0,44;-27,3;-39,3;-862,5;1;0;1;0;0;2
894;Infrastructures;Wireless Telecommunication Services;CENT;PT Centratama Telekomunikasi Indonesia Tbk.;12/31/2024;Dec;27.908,56;23.485,55;4.423,02;2.464,55;-1.558,00;-1.770,82;-1.770,82;-56,79;0,79;-1,97;0,79;5,31;-6,3;-40,0;-71,9;1;1;0;0;0;2
529;Consumer Cyclicals;Broadcasting;MDIA;Intermedia Capital Tbk;09/30/2024;Dec;7.979,06;5.947,93;2.031,12;1.920,62;111,77;69,48;69,47;-21,12;0,48;-1,18;0,48;2,93;-10,4;-40,8;-43,1;1;1;0;0;0;2
891;Infrastructures;Heavy Constructions & Civil Engineering;WSKT;PT Waskita Karya (Persero) Tbk;03/31/2025;Dec;74.699,00;68.139,67;6.559,33;1.354,58;-1.359,72;-1.364,13;-1.246,15;-100,53;0,89;-2,01;0,89;10,39;-3,9;-44,2;-213,8;1;1;0;0;0;2
393;Consumer Non-Cyclicals;Personal Care Products;KPAS;PT Cottonindo Ariesta Tbk.;09/30/2021;Dec;231,45;114,31;117,14;788,26;-57,25;-56,68;-56,68;-78,40;0,41;-;0,41;0,98;-26,0;-51,4;-7,6;0;1;1;0;0;2
525;Consumer Cyclicals;Advertising;FORU;Fortune Indonesia Tbk;03/31/2025;Dec;39,10;12,40;26,69;18,53;0,72;0,74;0,74;-33,42;28,67;-49,22;28,67;0,46;-39,8;-58,2;-83,9;1;0;1;0;0;2
188;Basic Materials;Timber;SULI;SLJ Global Tbk;03/31/2025;Dec;750,51;475,65;274,86;59,01;-5,36;2,74;2,74;-27,68;2,00;-3,14;2,00;1,73;-23,3;-63,7;-296,5;1;1;0;0;0;2
887;Infrastructures;Heavy Constructions & Civil Engineering;TOPS;PT Totalindo Eka Persada Tbk.;09/30/2024;Dec;1.622,10;1.206,52;415,59;280,13;11,16;5,25;4,25;-8,02;0,08;-0,12;0,08;2,90;-16,5;-64,4;-95,5;1;1;0;0;0;2
658;Financials;Consumer Financing;FUJI;Fuji Finance Indonesia Tbk;03/31/2025;Dec;180,60;4,18;176,42;4,46;4,04;3,85;3,85;-90,67;2,43;-3,64;2,43;0,02;-65,3;-66,8;-2641,8;1;0;1;0;0;2
135;Basic Materials;Aluminum;INAI;Indal Aluminium Industry Tbk;03/31/2025;Dec;1.193,78;1.014,45;179,33;207,34;-20,34;-21,87;-21,87;-189,14;0,62;-0,93;0,62;5,66;-10,0;-66,8;-57,8;1;1;0;0;0;2
383;Consumer Non-Cyclicals;Fish, Meat, & Poultry;WMPP;Widodo Makmur Perkasa Tbk;09/30/2024;Dec;4.847,47;3.939,98;907,49;103,00;-10,00;-8,13;-8,13;-21,09;0,39;-0,57;0,39;4,34;-12,8;-68,4;-602,4;1;1;0;0;0;2
720;Properties & Real Estate;Real Estate Development & Management;BBSS;Bumi Benowo Sukses Sejahtera Tbk;03/31/2025;Dec;250,35;4,18;246,17;0,17;-0,48;-0,49;-0,49;-37,20;3,88;-5,35;3,88;0,02;-71,3;-72,5;-107843,4;1;0;1;0;0;2
23;Energy;Coal Distribution;CBRE;PT Cakra Buana Resources Energi Tbk;03/31/2025;Dec;340,72;222,26;118,46;21,69;1,60;1,34;1,34;-19,98;1,00;-1,30;1,00;1,88;-26,6;-76,6;-418,1;1;1;0;0;0;2
615;Financials;Banks;BBKP;Bank Bukopin Tbk;12/31/2024;Dec;83.075,30;75.113,51;7.961,79;5.684,05;-4.904,22;-6.328,62;-6.329,14;-33,72;1,44;-1,81;1,44;9,43;-7,6;-79,5;-111,3;1;1;0;0;0;2
899;Infrastructures;Wireless Telecommunication Services;IBST;Inti Bangun Sejahtera Tbk;03/31/2025;Dec;4.365,36;2.132,05;2.233,31;209,21;99,10;64,89;64,89;-1.323,80;3,37;-4,21;3,37;0,95;-41,0;-80,1;-854,8;1;0;1;0;0;2
268;Industrials;Multi-sector Holdings;FOLK;PT Multi Garam Utama Tbk.;03/31/2025;Dec;92,24;10,28;81,96;5,43;-2,91;-2,89;-2,92;-18,93;2,41;-2,64;2,41;0,13;-81,0;-91,2;-1375,9;1;0;1;0;0;2
674;Financials;General Insurance;AHAP;Asuransi Harta Aman Pratama Tbk;03/31/2025;Dec;1.241,33;1.023,71;217,62;277,77;-5,52;-5,52;-5,52;-47,11;1,67;-1,57;1,67;4,70;-18,6;-106,1;-83,1;1;1;0;0;0;2
308;Consumer Non-Cyclicals;Processed Foods;COCO;Wahana Interfood Nusantara Tbk;03/31/2025;Dec;433,28;353,46;79,82;36,37;-18,26;-18,26;-18,26;-99,66;0,74;-0,66;0,74;4,43;-20,5;-111,1;-243,9;1;1;0;0;0;2
372;Consumer Non-Cyclicals;Processed Foods;TAYS;Jaya Swarasa Agung Tbk;12/31/2024;Dec;357,58;300,30;57,28;167,39;-73,33;-67,87;-67,87;-61,76;0,96;-0,81;0,96;5,24;-19,0;-118,5;-40,5;1;1;0;0;0;2
619;Financials;Banks;BBSI;PT Bank Bisnis Internasional Tbk.;03/31/2025;Dec;8.302,87;4.944,75;3.358,12;405,60;45,30;35,34;35,34;-1.273,44;4,38;-3,14;4,38;1,47;-56,4;-139,4;-1153,7;1;0;1;0;0;2
300;Consumer Non-Cyclicals;Plantations & Crops;BTEK;Bumi Teknokultura Unggul Tbk;03/31/2025;Dec;3.885,77;3.461,61;424,16;33,66;-30,51;-30,51;-30,51;-16,07;0,55;-0,31;0,55;8,16;-19,1;-175,3;-2209,2;1;1;0;0;0;2
207;Industrials;Building Products & Fixtures;ARNA;Arwana Citramulia Tbk;03/31/2025;Dec;2.780,94;814,52;1.966,42;690,65;135,69;106,07;105,00;-491,39;2,20;-1,20;2,20;0,41;-129,7;-183,5;-522,3;1;0;1;0;0;2
832;Technology;Online Applications & Services;PGJO;Tourindo Guide Indonesia Tbk;12/31/2024;Dec;5,03;2,29;2,74;1,94;-5,05;-5,06;-5,06;-6,36;67,41;-36,49;67,41;0,84;-100,5;-184,8;-261,4;1;0;1;0;0;2
294;Consumer Non-Cyclicals;Fish, Meat, & Poultry;AYAM;PT Janu Putra Sejahtera Tbk.;03/31/2025;Dec;487,20;275,99;211,21;104,81;4,34;3,46;3,46;-107,41;2,73;-1,34;2,73;1,31;-88,2;-203,4;-409,9;1;0;1;0;0;2
122;Basic Materials;Containers & Packaging;EPAC;Megalestari Epack Sentosaraya Tbk;03/31/2025;Dec;261,57;189,20;72,38;37,54;-2,02;-2,00;-2,06;-60,60;0,46;-0,17;0,46;2,61;-76,5;-276,6;-533,3;1;1;0;0;0;2
315;Consumer Non-Cyclicals;Fish, Meat, & Poultry;DPUM;Dua Putra Utama Makmur Tbk;03/31/2025;Dec;1.192,46;798,23;394,23;327,70;0,08;0,08;0,08;-288,47;0,53;-0,17;0,53;2,02;-101,0;-305,5;-367,5;1;1;0;0;0;2
444;Consumer Cyclicals;Footwear;BIMA;Primarindo Asia Infrastructure Tbk;03/31/2025;Dec;318,25;260,01;58,24;17,11;-9,16;-7,47;-7,47;-800,46;0,47;-0,06;0,47;4,46;-153,0;-835,9;-2845,9;1;1;0;0;0;2
464;Consumer Cyclicals;Textiles;UNIT;Nusantara Inti Corpora Tbk;06/30/2020;Dec;363,63;116,65;246,98;5.684,05;-4.904,22;-6.328,62;-6.329,14;-83.914,50;0,10;-;0,10;0,47;-1740,5;-2562,5;-111,3;0;1;1;0;0;2
732;Properties & Real Estate;Real Estate Development & Management;COWL;Cowell Development Tbk;12/31/2019;Dec;2.550,52;2.569,80;-19,28;785,27;83,24;66,07;66,07;13,56;-12,63;-;-12,63;-133,29;2,6;;8,4;0;1;1;0;0;2
937;Transportation & Logistic;Logistics & Deliveries;DEAL;PT Dewata Freightinternational Tbk.;09/30/2023;Dec;150,89;207,97;-57,08;876,55;63,22;50,25;45,11;31,97;-0,12;-;-0,12;-3,64;24,3;;4,2;0;1;1;0;0;2
860;Infrastructures;Marine Ports & Services;KARW;Meratus Jasa Prima Tbk;12/31/2024;Dec;201,99;722,80;-520,80;74,18;3,63;1,26;1,26;2,14;-1,81;750,67;-1,81;-1,39;0,6;;1,7;0;1;1;0;0;2
557;Consumer Cyclicals;Consumer Distributors;MKNT;Mitra Komunikasi Nusantara Tbk;09/30/2023;Dec;416,10;462,55;-46,46;3.433,34;79,80;65,14;55,22;7,64;-0,12;-;-0,12;-9,96;10,1;;1,2;0;1;1;0;0;2
177;Basic Materials;Containers & Packaging;SIMA;Siwani Makmur Tbk;09/30/2019;Dec;259,71;261,72;-2,00;3.698,82;18,68;19,88;19,88;12,07;-11,04;-;-11,04;-130,53;2,1;;0,1;0;1;1;0;0;2
131;Basic Materials;Aluminum;HKMU;HK Metals Utama Tbk;03/31/2023;Dec;397,71;467,59;-69,88;8.954,85;432,39;295,33;183,36;-2,35;-2,31;-;-2,31;-6,69;-1,9;;-0,1;0;1;1;0;0;2
125;Basic Materials;Basic Chemicals;ETWA;Eterindo Wahanatama Tbk;09/30/2023;Dec;882,59;1.314,06;-431,48;1.757,74;9,74;7,08;7,08;-7,92;-0,76;-;-0,76;-3,05;-4,2;;-2,1;0;1;1;0;0;2
456;Consumer Cyclicals;Textiles;POLY;Asia Pacific Fibers Tbk;12/31/2024;Dec;1.761,45;17.972,00;-16.210,54;3.102,91;-772,95;-783,82;-783,82;-314,06;-;-0,04;-;-1,11;-44,5;;-25,3;1;0;1;0;0;2
876;Infrastructures;Heavy Constructions & Civil Engineering;MTRA;PT Mitra Pemuda Tbk.;09/30/2022;Dec;134,67;207,00;-72,33;1,02;-2,67;-2,09;-2,09;-100,03;-2,60;-;-2,60;-2,86;-57,2;;-7527,7;0;1;1;0;0;2
473;Consumer Cyclicals;Hotels, Resorts & Cruise Lines;CLAY;Citra Putra Realty Tbk;12/31/2024;Dec;539,55;526,56;12,99;230,63;14,61;6,73;7,05;2,74;164,24;302,51;164,24;40,54;1,3;54,3;3,1;0;0;0;1;0;1
295;Consumer Non-Cyclicals;Processed Foods;BEEF;Estika Tata Tiara Tbk;12/31/2024;Dec;2.194,98;1.932,99;261,99;4.930,80;143,39;103,10;103,00;14,33;6,58;16,74;6,58;7,38;4,7;39,3;2,1;0;0;0;1;0;1
367;Consumer Non-Cyclicals;Plantations & Crops;SSMS;PT Sawit Sumbermas Sarana Tbk.;12/31/2024;Dec;11.764,84;8.873,48;2.891,36;10.521,65;1.284,97;903,55;872,65;91,62;5,14;17,03;5,14;3,07;7,4;30,2;8,3;0;0;0;1;0;1
322;Consumer Non-Cyclicals;Soft Drinks;FORE;PT Fore Kopi Indonesia Tbk;09/30/2024;Dec;604,78;381,47;223,31;727,37;36,65;42,35;42,35;6,73;14,38;53,52;14,38;1,71;9,9;26,9;8,2;0;0;0;1;0;1
118;Basic Materials;Agricultural Chemicals;DGWG;PT Delta Giri Wacana Tbk;12/31/2024;Dec;2.910,38;2.128,79;781,60;3.373,12;212,38;181,89;178,69;30,38;3,80;16,62;3,80;2,72;6,1;22,9;5,3;0;0;0;1;0;1
319;Consumer Non-Cyclicals;Plantations & Crops;FAPA;PT FAP Agri Tbk;12/31/2024;Dec;8.816,68;4.963,95;3.852,74;5.742,98;774,68;571,45;542,47;149,47;5,02;35,63;5,02;1,29;6,2;14,1;9,4;0;0;1;0;0;1
911;Infrastructures;Wireless Telecommunication Services;TBIG;PT Tower Bersama Infrastructure Tbk;12/31/2024;Dec;47.317,15;36.751,63;10.565,52;6.867,40;2.117,28;1.423,04;1.361,62;60,10;4,27;33,11;4,27;3,48;2,9;12,9;19,8;0;0;0;0;1;1
253;Industrials;Office Supplies;KONI;Perdana Bangun Pusaka Tbk;12/31/2024;Dec;187,84;30,72;157,12;279,23;25,35;19,63;19,63;62,92;2,60;20,82;2,60;0,20;10,5;12,5;7,0;0;0;1;0;0;1
844;Technology;Electronic Equipment & Instruments;CHIP;PT Pelita Teknologi Global Tbk;12/31/2024;Dec;119,40;53,91;65,49;197,22;11,97;8,12;8,12;10,07;17,54;141,46;17,54;0,82;6,8;12,4;4,1;0;0;1;0;0;1
694;Financials;Financial Holdings;BPII;Batavia Prosperindo Internasional Tbk;03/31/2025;Dec;5.473,12;3.653,09;1.820,03;288,71;60,46;51,70;36,58;19,57;3,12;28,11;3,12;2,01;3,7;11,1;69,9;0;0;0;0;1;1
252;Industrials;Human Resource & Employment Services;KING;PT Hoffmen Cleanindo Tbk;12/31/2024;Dec;160,12;54,95;105,18;215,12;15,08;11,61;11,60;4,46;4,87;44,16;4,87;0,52;7,2;11,0;5,4;0;0;1;0;0;1
588;Healthcare;Healthcare Providers;SILO;PT Siloam International Hospitals Tbk.;12/31/2024;Dec;14.206,34;5.454,71;8.751,63;12.207,56;1.360,36;950,11;902,15;69,36;3,86;37,48;3,86;0,62;6,4;10,3;7,4;0;0;1;0;0;1
914;Infrastructures;Electric Utilities;ARKO;PT Arkora Hydro Tbk.;12/31/2024;Dec;1.319,35;867,73;451,63;238,91;21,12;41,80;41,80;14,27;5,84;63,05;5,84;1,92;3,2;9,3;17,5;0;0;0;0;1;1
566;Consumer Cyclicals;Electronics Retail;UFOE;Damai Sejahtera Abadi Tbk;03/31/2025;Dec;533,23;303,68;229,56;271,74;3,95;2,76;2,74;6,52;2,58;31,29;2,58;1,32;3,5;8,2;7,0;0;0;1;0;0;1
350;Consumer Non-Cyclicals;Fish, Meat, & Poultry;NEST;PT Esta Indonesia Tbk;12/31/2024;Dec;471,02;115,55;355,46;541,18;34,89;27,06;27,06;6,58;3,73;48,94;3,73;0,33;5,7;7,6;5,0;0;0;1;0;0;1
896;Infrastructures;Wireless Telecommunication Services;EXCL;PT XL Axiata Tbk;12/31/2024;Dec;86.178,56;59.956,19;26.222,37;34.391,60;2.427,22;1.847,63;1.819,02;99,95;1,49;21,51;1,49;2,29;2,1;6,9;5,3;0;1;0;0;0;1
582;Healthcare;Healthcare Providers;PRAY;PT Famon Awal Bros Sedaya Tbk;12/31/2024;Dec;5.072,59;1.938,45;3.134,14;2.103,06;262,16;193,50;201,44;14,43;2,69;41,92;2,69;0,62;4,0;6,4;9,6;0;0;1;0;0;1
169;Basic Materials;Containers & Packaging;PDPP;PT Primadaya Plastisindo Tbk;12/31/2024;Dec;597,46;198,19;399,27;420,55;30,43;23,84;23,84;7,79;3,91;65,50;3,91;0,50;4,0;6,0;5,7;0;0;1;0;0;1
955;Transportation & Logistic;Logistics & Deliveries;SDMU;Sidomulyo Selaras Tbk;12/31/2024;Dec;144,73;111,75;32,98;94,95;0,34;1,51;1,77;1,56;0,89;16,67;0,89;3,39;1,2;5,4;1,9;0;1;0;0;0;1
320;Consumer Non-Cyclicals;Plantations & Crops;FISH;FKS Multi Agro Tbk;03/31/2025;Dec;8.504,71;5.546,21;2.958,49;4.877,41;111,37;82,01;78,56;303,00;1,68;34,16;1,68;1,87;1,7;4,9;3,0;0;1;0;0;0;1
183;Basic Materials;Basic Chemicals;SMLE;PT Sinergi Multi Lestarindo Tbk;03/31/2025;Dec;220,01;112,68;107,33;53,98;0,47;0,28;0,28;1,93;2,47;59,14;2,47;1,05;2,0;4,2;8,3;0;0;1;0;0;1
81;Energy;Coal Distribution;TCPI;Transcoal Pacific Tbk;12/31/2024;Dec;3.684,20;1.544,80;2.139,40;1.926,14;125,04;89,20;85,38;17,08;13,03;326,50;13,03;0,72;2,3;4,0;4,4;0;0;1;0;0;1
74;Energy;Coal Production;SMMT;Golden Eagle Energy Tbk;12/31/2024;Dec;1.286,38;438,00;848,38;816,95;39,04;35,79;33,84;9,88;3,79;95,15;3,79;0,52;2,6;4,0;4,1;0;0;1;0;0;1
59;Energy;Oil, Gas & Coal Equipment & Services;PKPK;Perdana Karya Perkasa Tbk;03/31/2025;Dec;722,19;464,73;257,46;57,82;2,43;1,30;0,09;8,13;3,47;91,67;3,47;1,81;1,4;3,8;16,9;0;0;0;0;1;1
311;Consumer Non-Cyclicals;Fish, Meat, & Poultry;CRAB;PT Toba Surimi Industries Tbk;03/31/2025;Dec;276,15;54,40;221,76;169,90;3,41;2,53;2,53;3,69;2,25;69,47;2,25;0,25;2,6;3,2;4,2;0;0;1;0;0;1
428;Consumer Cyclicals;Home Furnishings;MEJA;PT Harta Djaya Karya Tbk;12/31/2024;Dec;110,70;26,96;83,74;47,15;3,67;2,50;2,50;1,31;3,02;101,04;3,02;0,32;2,3;3,0;5,3;0;0;1;0;0;1
677;Financials;General Insurance;ASDM;Asuransi Dayin Mitra Tbk;03/31/2025;Dec;1.203,77;799,89;403,88;203,68;6,13;5,52;5,52;31,41;0,46;15,54;0,46;1,98;1,0;3,0;5,9;0;1;0;0;0;1
923;Transportation & Logistic;Road Transportation;ASSA;Adi Sarana Armada Tbk;03/31/2025;Dec;8.226,43;5.300,09;2.926,34;1.385,24;185,87;143,76;101,75;22,21;0,86;30,84;0,86;1,81;1,0;2,8;5,9;0;1;0;0;0;1
494;Consumer Cyclicals;Hotels, Resorts & Cruise Lines;KDTN;PT Puri Sentul Permai Tbk;12/31/2024;Dec;75,03;7,73;67,30;31,88;2,31;1,81;1,81;1,45;2,28;84,88;2,28;0,11;2,4;2,7;5,7;0;0;1;0;0;1
637;Financials;Banks;BSIM;Bank Sinarmas Tbk;03/31/2025;Dec;50.442,77;35.953,56;8.640,44;846,84;71,58;57,12;46,14;11,77;2,04;76,03;2,04;4,16;0,5;2,7;27,4;0;0;0;0;1;1
626;Financials;Banks;BINA;PT Bank Ina Perdana Tbk.;03/31/2025;Dec;24.700,38;21.078,36;3.622,01;439,18;17,83;14,37;14,37;15,58;7,33;277,95;7,33;5,82;0,4;2,6;21,8;0;0;0;0;1;1
264;Industrials;Office Supplies;VISI;PT Satu Visi Putra Tbk.;03/31/2025;Dec;290,52;104,62;185,90;75,37;-0,20;-0,20;-0,20;1,58;2,58;98,72;2,58;0,56;1,7;2,6;6,4;0;0;1;0;0;1
753;Properties & Real Estate;Real Estate Development & Management;IPAC;Era Graharealty Tbk;03/31/2025;Dec;48,98;12,20;36,78;14,29;-0,95;-0,87;-0,86;0,92;3,31;139,84;3,31;0,33;1,8;2,4;6,1;0;0;1;0;0;1
576;Healthcare;Healthcare Supplies & Distributions;LABS;PT UBC Medical Indonesia Tbk;12/31/2024;Dec;203,60;64,84;138,75;147,64;5,29;2,95;2,95;0,75;3,30;155,20;3,30;0,47;1,5;2,1;2,0;0;0;1;0;0;1
9;Energy;Coal Production;ARII;Atlas Resources Tbk;12/31/2024;Dec;10.063,87;8.905,83;1.158,05;5.093,16;32,24;13,19;21,40;6,24;0,78;42,01;0,78;7,69;0,2;1,8;0,4;0;1;0;0;0;1
679;Financials;General Insurance;ASMI;Asuransi Maximus Graha Persada Tbk;12/31/2024;Dec;1.108,51;714,03;390,97;1.757,74;9,74;7,08;7,08;0,79;0,27;15,19;0,27;1,83;0,6;1,8;0,4;0;1;0;0;0;1
611;Financials;Banks;BACA;PT Bank Capital Indonesia Tbk;12/31/2024;Dec;22.591,20;15.968,19;6.623,02;1.855,14;143,49;109,38;109,38;5,48;0,39;23,90;0,39;2,41;0,5;1,7;5,9;0;1;0;0;0;1
167;Basic Materials;Containers & Packaging;PACK;PT Solusi Kemasan Digital Tbk;12/31/2024;Dec;66,92;9,13;57,79;54,70;1,17;0,90;0,90;0,56;67,73;4.349,65;67,73;0,16;1,3;1,6;1,6;0;0;1;0;0;1
622;Financials;Banks;BCIC;PT Bank JTrust Indonesia Tbk.;03/31/2025;Dec;41.094,10;37.203,91;3.890,19;761,44;87,84;87,84;87,84;2,93;0,79;58,11;0,79;9,56;0,1;1,4;7,0;0;1;0;0;0;1
362;Consumer Non-Cyclicals;Fish, Meat, & Poultry;SIPD;Sreeya Sewu Indonesia Tbk;03/31/2025;Dec;3.086,83;1.863,47;1.223,36;1.357,33;24,46;19,52;19,52;8,93;1,17;87,36;1,17;1,52;0,5;1,3;1,2;0;1;0;0;0;1
170;Basic Materials;Containers & Packaging;PICO;Pelangi Indah Canindo Tbk;12/31/2024;Dec;712,82;504,82;208,00;600,29;4,63;2,77;2,77;4,87;0,30;22,59;0,30;2,43;0,4;1,3;0,5;0;1;0;0;0;1
609;Financials;Banks;ARTO;Bank Jago Tbk.;03/31/2025;Dec;32.462,90;23.648,82;8.591,24;797,31;77,28;60,27;60,27;8,06;2,98;229,51;2,98;2,75;0,3;1,3;14,0;0;0;0;0;1;1
275;Consumer Non-Cyclicals;Supermarkets & Convenience Store;HERO;PT DFI Retail Nusantara;03/31/2025;Dec;4.781,37;3.261,02;1.520,35;1.210,23;43,58;27,14;27,14;4,46;1,10;89,62;1,10;2,14;0,4;1,2;1,5;0;1;0;0;0;1
695;Financials;Financial Holdings;CASA;Capital Financial Indonesia Tbk;12/31/2024;Dec;31.214,16;20.043,16;9.139,52;-;174,51;133,89;110,67;2,03;4,77;393,79;4,77;2,19;0,4;1,2;-;0;0;0;0;1;1
381;Consumer Non-Cyclicals;Plantations & Crops;WAPO;Wahana Pronatural Tbk;12/31/2024;Dec;86,59;14,55;72,04;2.122,33;4,83;0,72;0,72;0,58;2,46;246,83;2,46;0,20;0,8;1,0;0,0;0;0;1;0;0;1
287;Consumer Non-Cyclicals;Fish, Meat, & Poultry;AGAR;Asia Sejahtera Mina Tbk;03/31/2025;Dec;196,22;87,80;108,43;43,07;-1,80;-1,80;-1,80;0,83;2,40;311,88;2,40;0,81;0,4;0,8;1,9;0;0;1;0;0;1
808;Technology;Online Applications & Services;AWAN;PT Era Digital Media Tbk;12/31/2024;Dec;98,42;5,33;93,09;42,04;2,05;0,90;0,66;0,19;11,81;1.654,97;11,81;0,06;0,7;0,7;1,6;0;0;1;0;0;1
28;Energy;Oil, Gas & Coal Equipment & Services;DEWA;Darma Henwa Tbk;12/31/2024;Dec;8.806,36;5.495,55;3.310,81;6.031,96;56,19;16,36;16,34;0,40;1,61;326,29;1,61;1,66;0,2;0,5;0,3;0;1;0;0;0;1
500;Consumer Cyclicals;Hotels, Resorts & Cruise Lines;MAMIP;Mas Murni Tbk (Preferred Stock);09/30/2022;Dec;1.768,01;534,06;1.233,95;361,34;10,56;7,73;7,73;888,67;-;-;-;0,43;0,3;0,4;1,5;0;0;1;0;0;1
349;Consumer Non-Cyclicals;Processed Foods;NAYZ;PT Hassana Boga Sejahtera Tbk;12/31/2024;Dec;73,05;2,88;70,18;35,03;0,11;0,13;0,13;0,05;2,03;1.062,73;2,03;0,04;0,2;0,2;0,4;0;0;1;0;0;1
645;Financials;Banks;MAYA;PT Bank Mayapada Internasional Tbk;03/31/2025;Dec;150.472,55;133.501,88;16.970,66;3.145,64;13,29;11,28;11,28;1,20;0,30;163,63;0,30;7,87;0,0;0,2;1,0;0;1;0;0;0;1
417;Consumer Cyclicals;Auto Parts & Equipment;PRAS;Prima Alloy Steel Universal Tbk;09/30/2023;Dec;1.440,86;1.193,47;247,39;1.711,95;41,92;32,44;32,43;-0,59;0,27;-;0,27;4,82;0,0;-0,2;0,0;0;1;0;0;0;1
344;Consumer Non-Cyclicals;Plantations & Crops;MGRO;PT Mahkota Group Tbk.;03/31/2025;Dec;3.091,60;2.611,94;479,67;1.393,31;-24,82;-25,22;-24,00;-0,46;5,59;-1.643,76;5,59;5,45;-0,1;-0,3;-0,1;1;0;0;0;0;1
85;Energy;Coal Production;TRAM;Trada Alam Minera Tbk;12/31/2020;Dec;5.404,12;4.082,78;1.321,35;1,98;-5,11;-5,36;-5,36;-0,11;1,88;-;1,88;3,09;-0,1;-0,4;-270,0;0;1;0;0;0;1
692;Financials;Financial Holdings;APIC;Pacific Strategic Financial Tbk;03/31/2025;Dec;7.153,27;4.421,82;2.731,45;626,27;121,56;119,46;117,04;-2,74;4,78;-404,84;4,78;1,62;-0,5;-1,2;-5,2;1;0;0;0;0;1
589;Healthcare;Healthcare Providers;SRAJ;Sejahteraraya Anugrahjaya Tbk;03/31/2025;Dec;7.661,51;6.151,33;1.510,18;800,43;-28,37;-28,52;-28,55;-4,64;24,07;-639,80;24,07;4,07;-0,7;-3,8;-7,1;1;0;0;0;0;1
915;Infrastructures;Electric Utilities;BREN;PT Barito Renewables Energy Tbk.;03/31/2025;Dec;63.023,87;50.126,13;12.897,74;2.492,82;1.278,68;702,48;567,24;-5,16;62,50;-1.168,69;62,50;3,89;-1,1;-5,3;-27,7;1;0;0;0;0;1
441;Consumer Cyclicals;Textiles;ARGO;Argo Pantes Tbk;12/31/2024;Dec;1.120,33;998,45;121,88;103,00;-10,00;-8,13;-8,13;-2,56;16,28;-243,97;16,28;8,19;-0,7;-6,7;-7,9;1;0;0;0;0;1
796;Properties & Real Estate;Real Estate Development & Management;SATU;Kota Satu Properti Tbk;03/31/2025;Dec;214,45;166,96;47,49;4,71;-1,44;-1,45;-1,44;-5,94;5,56;-32,33;5,56;3,52;-3,8;-17,2;-173,4;1;0;0;0;0;1
469;Consumer Cyclicals;Recreational & Sports Facilities;BLTZ;Graha Layar Prima Tbk;03/31/2025;Dec;1.813,02;1.457,98;355,04;192,89;-42,54;-32,61;-32,61;-118,07;4,43;-15,24;4,43;4,11;-5,7;-29,1;-53,5;1;0;0;0;0;1
601;Healthcare;Pharmaceuticals;PYFA;Pyridam Farma Tbk;12/31/2024;Dec;5.811,09;4.771,54;1.039,55;1.920,81;-313,14;-330,25;-330,25;-29,39;2,16;-6,81;2,16;4,59;-5,7;-31,8;-17,2;1;0;0;0;0;1
928;Transportation & Logistic;Airlines;HELI;Jaya Trishindo Tbk;03/31/2025;Dec;173,53;108,96;64,57;29,43;1,58;1,89;1,88;-27,36;2,58;-7,31;2,58;1,69;-13,1;-35,3;-77,4;1;0;0;0;0;1
277;Consumer Non-Cyclicals;Supermarkets & Convenience Store;LAPD;Leyand International Tbk;03/31/2025;Dec;211,95;182,64;29,31;61,96;0,95;0,96;0,35;-2,80;3,25;-8,58;3,25;6,23;-5,2;-37,9;-17,9;1;0;0;0;0;1
48;Energy;Oil & Gas Storage & Distribution;KOPI;Mitra Energi Persada Tbk;03/31/2025;Dec;304,60;234,35;70,25;68,44;3,24;2,20;2,19;-41,12;9,68;-23,71;9,68;3,34;-9,4;-40,8;-41,9;1;0;0;0;0;1
356;Consumer Non-Cyclicals;Processed Foods;PSDN;Prasidha Aneka Niaga Tbk;12/31/2024;Dec;146,36;99,87;46,50;44,60;-20,54;-20,54;-20,54;-14,26;2,20;-4,98;2,20;2,15;-14,0;-44,2;-46,1;1;0;0;0;0;1
126;Basic Materials;Containers & Packaging;FASW;Fajar Surya Wisesa Tbk;03/31/2025;Dec;12.928,55;9.913,88;3.014,67;2.007,52;-300,87;-306,58;-306,58;-568,77;4,48;-9,58;4,48;3,29;-10,9;-46,7;-70,2;1;0;0;0;0;1
77;Energy;Oil & Gas Production & Refinery;SUGI;Sugih Energy Tbk;09/30/2018;Dec;7.200,64;4.903,19;2.297,45;100,00;19,29;15,27;14,26;-46,37;0,54;-;0,54;2,13;-16,0;-50,1;-1150,5;0;1;0;0;0;1
79;Energy;Oil & Gas Production & Refinery;SURE;Super Energy Tbk;03/31/2025;Dec;1.203,84;947,90;255,94;91,29;-36,49;-36,05;-27,32;-89,98;13,34;-25,34;13,34;3,70;-11,2;-52,6;-147,6;1;0;0;0;0;1
827;Technology;IT Services & Consulting;LMAS;Limas Indonesia Makmur Tbk;09/30/2021;Dec;338,84;215,44;123,40;483,88;-73,73;-73,73;-73,73;-89,86;0,32;-;0,32;1,75;-20,9;-57,4;-14,6;0;1;0;0;0;1
115;Basic Materials;Construction Materials;CMNT;Cemindo Gemilang Tbk;03/31/2025;Dec;16.962,46;14.121,68;2.840,78;1.925,10;-278,24;-304,18;-289,76;-95,82;5,24;-9,08;5,24;4,97;-9,7;-57,8;-85,2;1;0;0;0;0;1
96;Basic Materials;Aluminum;ALMI;Alumindo Light Metal Industry Tbk;03/31/2025;Dec;458,80;330,51;128,30;1,27;-1,12;-1,12;-1,12;-25,09;2,20;-2,95;2,20;2,58;-20,9;-74,6;-7531,8;1;0;0;0;0;1
702;Financials;Investment Companies;PALM;PT Provident Investasi Bersama Tbk;03/31/2025;Dec;7.395,54;4.725,94;2.669,60;1,61;-1.423,12;-1.423,03;-1.423,03;-140,91;2,28;-2,74;2,28;1,77;-30,1;-83,3;-138320,5;1;0;0;0;0;1
280;Consumer Non-Cyclicals;Supermarkets & Convenience Store;MPPA;Matahari Putra Prima Tbk;03/31/2025;Dec;3.771,42;3.641,97;129,45;2.108,26;-22,37;-22,31;-22,30;-8,51;5,51;-6,46;5,51;28,13;-2,9;-85,2;-5,2;1;0;0;0;0;1
476;Consumer Cyclicals;Hotels, Resorts & Cruise Lines;DFAM;Dafam Property Indonesia Tbk;03/31/2025;Dec;237,56;222,64;14,91;13,23;-5,50;-5,07;-5,02;-14,26;6,37;-3,51;6,37;14,93;-11,4;-181,7;-204,7;1;0;0;0;0;1
508;Consumer Cyclicals;Restaurants;PGLI;Pembangunan Graha Lestari Indah Tbk;09/30/2024;Dec;34,93;21,23;13,70;78,89;-3,12;-4,38;-4,33;-82,03;4,67;-1,60;4,67;1,55;-114,6;-292,2;-50,7;1;0;0;0;0;1
103;Basic Materials;Iron & Steel;BAJA;Saranacentral Bajatama Tbk;03/31/2025;Dec;674,25;636,22;38,04;180,39;-24,34;-19,75;-19,75;-81,14;3,98;-1,04;3,98;16,73;-21,7;-384,0;-81,0;1;0;0;0;0;1
5;Energy;Coal Production;AIMS;PT Artha Mahiya Investama Tbk;12/31/2024;Dec;3,87;3,53;0,34;0,26;-1,48;-1,48;-1,48;-6,73;197,35;-45,14;197,35;10,42;-38,3;-437,2;-564,4;1;0;0;0;0;1
75;Energy;Oil, Gas & Coal Equipment & Services;SMRU;SMR Utama Tbk;12/31/2024;Dec;702,63;683,29;19,34;80,11;-97,83;-92,16;-92,16;-7,37;32,31;-6,78;32,31;35,33;-13,1;-476,5;-115,0;1;0;0;0;0;1
481;Consumer Cyclicals;Restaurants;FAST;Fast Food Indonesia Tbk;12/31/2024;Dec;3.529,22;3.401,49;127,73;4.875,79;-862,56;-798,25;-796,71;-199,66;5,40;-0,87;5,40;26,63;-22,6;-623,7;-16,3;1;0;0;0;0;1
475;Consumer Cyclicals;Restaurants;CSMI;Cipta Selera Murni Tbk;03/31/2025;Dec;58,55;53,42;5,12;0,41;-0,49;-0,49;-0,49;-886,44;340,86;-2,41;340,86;10,43;-1235,5;-14119,1;-177779,4;1;0;0;0;0;1
507;Consumer Cyclicals;Travel Agencies;PDES;Destinasi Tirta Nusantara Tbk;03/31/2025;Dec;305,47;217,09;88,38;152,85;9,76;7,48;3,61;16,39;2,59;19,53;2,59;2,46;3,8;13,3;7,7;0;0;0;0;0;0
282;Consumer Non-Cyclicals;Supermarkets & Convenience Store;RANC;Supra Boga Lestari Tbk;03/31/2025;Dec;1.200,96;884,16;316,80;753,19;-5,61;-5,26;-5,21;22,57;2,16;19,41;2,16;2,79;2,9;11,1;4,7;0;0;0;0;0;0
304;Consumer Non-Cyclicals;Plantations & Crops;CBUT;PT Citra Borneo Utama Tbk;12/31/2024;Dec;4.200,32;3.231,02;969,30;9.766,11;78,41;68,19;68,19;21,82;3,30;46,98;3,30;3,33;1,6;7,0;0,7;0;0;0;0;0;0
299;Consumer Non-Cyclicals;Processed Foods;BRRC;PT Raja Roti Cemerlang Tbk;12/31/2024;Dec;57,15;37,04;20,11;96,03;2,00;1,18;1,18;1,21;2,61;44,62;2,61;1,84;2,1;5,8;1,2;0;0;0;0;0;0
63;Energy;Oil, Gas & Coal Equipment & Services;PTRO;Petrosea Tbk;03/31/2025;Dec;17.546,66;13.409,66;4.136,99;2.554,79;55,15;16,90;15,24;16,80;6,95;169,69;6,95;3,24;1,0;4,1;6,6;0;0;0;0;0;0
707;Financials;Financial Holdings;SMMA;Sinarmas Multiartha Tbk;12/31/2024;Dec;117.192,12;91.986,33;25.205,79;23.759,96;1.119,64;897,28;840,80;132,04;3,97;118,90;3,97;3,65;0,7;3,3;3,5;0;0;0;0;0;0
479;Consumer Cyclicals;Restaurants;ENAK;Champ Resto Indonesia Tbk;03/31/2025;Dec;1.116,41;843,75;272,66;364,10;-10,87;-10,98;-10,98;2,95;5,92;252,38;5,92;3,09;0,6;2,3;1,8;0;0;0;0;0;0
665;Financials;Consumer Financing;VTNY;PT Venteny Fortuna International Tbk;12/31/2024;Dec;1.182,51;774,80;407,72;303,54;15,63;8,68;10,54;0,67;2,14;208,22;2,14;1,90;0,4;1,0;1,4;0;0;0;0;0;0
486;Consumer Cyclicals;Travel Agencies;HAJJ;PT Arsy Buana Travelindo Tbk;12/31/2024;Dec;645,96;491,92;154,05;860,62;3,28;1,26;1,26;0,55;3,04;372,39;3,04;3,19;0,2;0,8;0,1;0;0;0;0;0;0
38;Energy;Oil, Gas & Coal Equipment & Services;HILL;PT Hillcon Tbk;12/31/2024;Dec;6.281,31;4.566,65;1.714,66;3.946,08;103,48;5,87;5,49;0,37;2,73;853,26;2,73;2,66;0,1;0,3;0,1;0;0;0;0;0;0
323;Consumer Non-Cyclicals;Plantations & Crops;GOLL;PT Golden Plantation Tbk;09/30/2021;Dec;480,92;400,90;80,02;202,12;7,97;6,06;6,17;-1,78;2,29;-;2,29;5,01;-1,4;-8,1;-3,2;0;0;0;0;0;0
341;Consumer Non-Cyclicals;Plantations & Crops;MAGP;Multi Agro Gemilang Plantation Tbk;03/31/2022;Dec;840,19;764,27;75,92;1.044,03;-85,70;-83,29;-83,15;-15,12;5,93;-;5,93;10,07;-16,2;-179,3;-13,0;0;0;0;0;0;0
192;Basic Materials;Basic Chemicals;TDPM;PT Tianrong Chemicals Industry Tbk;09/30/2023;Dec;2.212,29;1.982,81;229,48;14,20;-1,46;-2,11;-2,11;-74,60;5,44;-;5,44;8,64;-35,4;-340,9;-5510,4;0;0;0;0;0;0
